
<record>
  <leader>01837nam a22002535i 4500</leader>
  <controlfield tag="001">21349972</controlfield>
  <controlfield tag="005">20200102174120.0</controlfield>
  <controlfield tag="008">200102s2020    meu           000 0 eng  </controlfield>
  <datafield tag="906" ind1=" " ind2=" ">
    <subfield code="a">0</subfield>
    <subfield code="b">ibc</subfield>
    <subfield code="c">orignew</subfield>
    <subfield code="d">2</subfield>
    <subfield code="e">epcn</subfield>
    <subfield code="f">20</subfield>
    <subfield code="g">y-gencatlg</subfield>
  </datafield>
  <datafield tag="925" ind1="0" ind2=" ">
    <subfield code="a">acquire</subfield>
    <subfield code="b">1 shelf copy</subfield>
    <subfield code="x">policy default</subfield>
  </datafield>
  <datafield tag="955" ind1=" " ind2=" ">
    <subfield code="b">xd07 2020-01-02</subfield>
  </datafield>
  <datafield tag="010" ind1=" " ind2=" ">
    <subfield code="a">  2020930067</subfield>
  </datafield>
  <datafield tag="020" ind1=" " ind2=" ">
    <subfield code="a">9781597132114</subfield>
    <subfield code="q">(trade paperback)</subfield>
  </datafield>
  <datafield tag="040" ind1=" " ind2=" ">
    <subfield code="a">DLC</subfield>
    <subfield code="b">eng</subfield>
    <subfield code="e">rda</subfield>
    <subfield code="c">DLC</subfield>
  </datafield>
  <datafield tag="042" ind1=" " ind2=" ">
    <subfield code="a">pcc</subfield>
  </datafield>
  <datafield tag="100" ind1="1" ind2=" ">
    <subfield code="a">Hill, Andrea Suarez,</subfield>
    <subfield code="e">author.</subfield>
  </datafield>
  <datafield tag="245" ind1="1" ind2="4">
    <subfield code="a">The making of budworm farm /</subfield>
    <subfield code="c">Andrea Suarez Hill.</subfield>
  </datafield>
  <datafield tag="263" ind1=" " ind2=" ">
    <subfield code="a">2003</subfield>
  </datafield>
  <datafield tag="264" ind1=" " ind2="1">
    <subfield code="a">Waldoboro :</subfield>
    <subfield code="b">Goose River Press,</subfield>
    <subfield code="c">2020.</subfield>
  </datafield>
  <datafield tag="300" ind1=" " ind2=" ">
    <subfield code="a">pages cm</subfield>
  </datafield>
  <datafield tag="336" ind1=" " ind2=" ">
    <subfield code="a">text</subfield>
    <subfield code="b">txt</subfield>
    <subfield code="2">rdacontent</subfield>
  </datafield>
  <datafield tag="337" ind1=" " ind2=" ">
    <subfield code="a">unmediated</subfield>
    <subfield code="b">n</subfield>
    <subfield code="2">rdamedia</subfield>
  </datafield>
  <datafield tag="338" ind1=" " ind2=" ">
    <subfield code="a">volume</subfield>
    <subfield code="b">nc</subfield>
    <subfield code="2">rdacarrier</subfield>
  </datafield>
  <datafield tag="520" ind1=" " ind2=" ">
    <subfield code="a">&quot;In 1985, my husband, Arthur, and I were going to call our eleven acres of forest in Jonesboro, Maine &quot;The Lough&quot; due to its location on a bay at the mouth of the Chandler River about a half mile from the ocean. But, as we worked to clear the land, a friend who helped us, Jon Watts, said &quot;you have a budworm farm&quot; and the name stuck. Budworm Farm was born and stands today because of townspeople like Jon, Mark Alley, Al Caruso, Ginny Fieldman, the Snowdeal Family and Mary &amp; Eddie Stubbs. Arthur and I met in New York City. He was an actor and I was a picture editor for Time, Incorporated. He told me, &quot;I was a farrier in California,&quot; after we spoke about our love of horses. But our equine passions slept until we moved to Maine and bought an unbroken Arab cross. We called him &quot;Brumbie&quot; after the horses made famous in &quot;The Man from Snowy River&quot; film. Our life together with horses began as we made a farm to fit our vision. Weather, wildlife, family and friends all played a part. These poems express the life we&apos;ve made together over the past 34 years&quot;--</subfield>
    <subfield code="c">Provided by publisher.</subfield>
  </datafield>
</record>