
<record>
  <leader>04272cam a2200565 i 4500</leader>
  <controlfield tag="001">21349978</controlfield>
  <controlfield tag="005">20200102181954.0</controlfield>
  <controlfield tag="007">cr |||||||||||</controlfield>
  <controlfield tag="008">200102s2017    abc     ob   s101 0 eng  </controlfield>
  <datafield tag="906" ind1=" " ind2=" ">
    <subfield code="a">0</subfield>
    <subfield code="b">ibc</subfield>
    <subfield code="c">orignew</subfield>
    <subfield code="d">3</subfield>
    <subfield code="e">ncip</subfield>
    <subfield code="f">20</subfield>
    <subfield code="g">y-gencatlg</subfield>
  </datafield>
  <datafield tag="925" ind1="0" ind2=" ">
    <subfield code="a">acquire</subfield>
    <subfield code="x">policy default</subfield>
  </datafield>
  <datafield tag="955" ind1=" " ind2=" ">
    <subfield code="a">hc20 2020-01-02</subfield>
    <subfield code="i">hc20 2020-01-02 to DCMS</subfield>
    <subfield code="a">hc20 2020-01-02 to rev</subfield>
  </datafield>
  <datafield tag="010" ind1=" " ind2=" ">
    <subfield code="a">  2019394407</subfield>
  </datafield>
  <datafield tag="020" ind1=" " ind2=" ">
    <subfield code="a">9781552389553</subfield>
    <subfield code="q">(Open Access PDF)</subfield>
  </datafield>
  <datafield tag="020" ind1=" " ind2=" ">
    <subfield code="a">9781552389577</subfield>
    <subfield code="q">(EPUB)</subfield>
  </datafield>
  <datafield tag="020" ind1=" " ind2=" ">
    <subfield code="a">9781552389584</subfield>
    <subfield code="q">(Kindle)</subfield>
  </datafield>
  <datafield tag="020" ind1=" " ind2=" ">
    <subfield code="a">9781552389560</subfield>
    <subfield code="q">(PDF)</subfield>
  </datafield>
  <datafield tag="020" ind1=" " ind2=" ">
    <subfield code="z">9781552389546</subfield>
    <subfield code="q">(softcover)</subfield>
  </datafield>
  <datafield tag="040" ind1=" " ind2=" ">
    <subfield code="a">DLC</subfield>
    <subfield code="b">eng</subfield>
    <subfield code="e">rda</subfield>
    <subfield code="e">pn</subfield>
    <subfield code="c">DLC</subfield>
  </datafield>
  <datafield tag="042" ind1=" " ind2=" ">
    <subfield code="a">pcc</subfield>
  </datafield>
  <datafield tag="043" ind1=" " ind2=" ">
    <subfield code="a">a-em---</subfield>
    <subfield code="a">a-io---</subfield>
    <subfield code="a">pome---</subfield>
  </datafield>
  <datafield tag="050" ind1="0" ind2="0">
    <subfield code="a">JC580</subfield>
  </datafield>
  <datafield tag="245" ind1="0" ind2="0">
    <subfield code="a">Flowers in the wall :</subfield>
    <subfield code="b">truth and reconciliation in Timor-Leste, Indonesia, and Melanesia /</subfield>
    <subfield code="c">edited by David Webster.</subfield>
  </datafield>
  <datafield tag="264" ind1=" " ind2="1">
    <subfield code="a">Calgary, Alberta, Canada :</subfield>
    <subfield code="b">University of Calgary Press,</subfield>
    <subfield code="c">[2017]</subfield>
  </datafield>
  <datafield tag="300" ind1=" " ind2=" ">
    <subfield code="a">1 online resource (xiv, 360 pages)</subfield>
  </datafield>
  <datafield tag="336" ind1=" " ind2=" ">
    <subfield code="a">text</subfield>
    <subfield code="b">txt</subfield>
    <subfield code="2">rdacontent</subfield>
  </datafield>
  <datafield tag="337" ind1=" " ind2=" ">
    <subfield code="a">computer</subfield>
    <subfield code="b">c</subfield>
    <subfield code="2">rdamedia</subfield>
  </datafield>
  <datafield tag="338" ind1=" " ind2=" ">
    <subfield code="a">online resource</subfield>
    <subfield code="b">cr</subfield>
    <subfield code="2">rdacarrier</subfield>
  </datafield>
  <datafield tag="490" ind1="0" ind2=" ">
    <subfield code="a">Global indigenous issues series.</subfield>
  </datafield>
  <datafield tag="500" ind1=" " ind2=" ">
    <subfield code="a">Issued in print and electronic formats.</subfield>
  </datafield>
  <datafield tag="504" ind1=" " ind2=" ">
    <subfield code="a">Includes bibliographical references (pages 325-343) and index.</subfield>
  </datafield>
  <datafield tag="505" ind1="0" ind2=" ">
    <subfield code="a">Incomplete truth, incomplete reconciliation : towards a scholarly verdict on truth and reconciliation commissions / Sarah Zwierzchowski -- East Timor : legacies of violence / Geoffrey Robinson -- Shining &quot;Chega!&quot;&apos;s light into the cracks / Pat Walsh -- Politika taka malu, censorship, and silencing : virtuosos of clandestinity and one&apos;s relationship to truth and memory / Jacqueline Aquino Siapno -- Development and foreign aid in Timor-Leste after independence / Laurentina &quot;Mica&quot; Barreto Soares -- Reconciliation, church, and peacebuilding / Jess Agustin -- Human rights and truth / Fernanda Borges -- &quot;Chega!&quot; for us : socializing a living document / Maria Manuela Leong Pereira -- Cracks in the wall : Indonesia and narratives of the 1965 mass violence / Baskara T. Wardaya -- The touchy historiography of Indonesia&apos;s 1965 mass killings : intractable blockades? / Bernd Schaefer -- Writings of an Indonesian political prisoner / Gatot Lestario -- Gambling with truth : hopes and challenges for Aceh&apos;s Commission for Truth and Reconciliation / Lia Kent and Rizki Affiat -- All about the poor : an alternative explanation of the violence in Poso / Arianto Sangadji -- Facts, feasts, and forests : considering truth and reconciliation in Tanah Papua / Todd Biderman and Jenny Munro -- The living symbol of song in West Papua : a soul force to be reckoned with / Julian Smythe -- Time for a new U.S. approach toward Indonesia and West Papua / Edmund McWilliams -- The Solomon Islands &quot;ethnic tension&quot; conflict and the Solomon Islands Truth and Reconciliation Commission : a personal reflection / Terry M. Brown -- Women and reconciliation in Solomon Islands / Betty Lina Gigisi -- Reflecting on reconciliation / Maggie Helwig.</subfield>
  </datafield>
  <datafield tag="540" ind1=" " ind2=" ">
    <subfield code="a">Creative Commons Attribution-NonCommercial-NoDerivatives 4.0 International</subfield>
    <subfield code="u">https://creativecommons.org/licenses/by-nc-nd/4.0/</subfield>
  </datafield>
  <datafield tag="588" ind1=" " ind2=" ">
    <subfield code="a">Title from University of Calgary Press website ; viewed on 2020-01-02</subfield>
  </datafield>
  <datafield tag="650" ind1=" " ind2="0">
    <subfield code="a">Truth commissions</subfield>
    <subfield code="z">Timor-Leste.</subfield>
  </datafield>
  <datafield tag="650" ind1=" " ind2="0">
    <subfield code="a">Truth commissions</subfield>
    <subfield code="z">Indonesia.</subfield>
  </datafield>
  <datafield tag="650" ind1=" " ind2="0">
    <subfield code="a">Truth commissions</subfield>
    <subfield code="z">Melanesia.</subfield>
  </datafield>
  <datafield tag="650" ind1=" " ind2="0">
    <subfield code="a">Reconciliation</subfield>
    <subfield code="x">Political aspects</subfield>
    <subfield code="z">Timor-Leste.</subfield>
  </datafield>
  <datafield tag="650" ind1=" " ind2="0">
    <subfield code="a">Reconciliation</subfield>
    <subfield code="x">Political aspects</subfield>
    <subfield code="z">Indonesia.</subfield>
  </datafield>
  <datafield tag="650" ind1=" " ind2="0">
    <subfield code="a">Reconciliation</subfield>
    <subfield code="x">Political aspects</subfield>
    <subfield code="z">Melanesia.</subfield>
  </datafield>
  <datafield tag="700" ind1="1" ind2=" ">
    <subfield code="a">Webster, David,</subfield>
    <subfield code="d">1966-,</subfield>
    <subfield code="e">editor,</subfield>
    <subfield code="e">author of introduction.</subfield>
  </datafield>
  <datafield tag="700" ind1="1" ind2="2">
    <subfield code="i">Container of (work):</subfield>
    <subfield code="a">Zwierzchowski, Sarah.</subfield>
    <subfield code="t">Incomplete truth, incomplete reconciliation.</subfield>
  </datafield>
  <datafield tag="710" ind1="2" ind2=" ">
    <subfield code="a">University of Ottawa,</subfield>
    <subfield code="e">host institution.</subfield>
  </datafield>
  <datafield tag="710" ind1="2" ind2=" ">
    <subfield code="a">Canadian Council for Southeast Asian Studies.</subfield>
    <subfield code="b">Conference</subfield>
    <subfield code="n">(32nd :</subfield>
    <subfield code="d">2015 :</subfield>
    <subfield code="c">University of Ottawa).</subfield>
    <subfield code="b">Truth, Memory and Reconciliation in Southeast Asia.</subfield>
  </datafield>
  <datafield tag="856" ind1="4" ind2="0">
    <subfield code="u">https://press.ucalgary.ca/books/9781552389546/</subfield>
  </datafield>
  <datafield tag="856" ind1="4" ind2="0">
    <subfield code="u">https://dx.doi.org/10.11575/PRISM/34633</subfield>
  </datafield>
  <datafield tag="856" ind1="4" ind2="0">
    <subfield code="d">gdclccn</subfield>
    <subfield code="f">2019394407</subfield>
    <subfield code="u">*</subfield>
  </datafield>
  <datafield tag="985" ind1=" " ind2=" ">
    <subfield code="a">LC online resource</subfield>
    <subfield code="d">2020-01-02</subfield>
    <subfield code="e">ABA/USAN/CO Open Access University Press Pubs</subfield>
  </datafield>
  <datafield tag="985" ind1=" " ind2=" ">
    <subfield code="a">gdc/scd</subfield>
  </datafield>
  <datafield tag="985" ind1=" " ind2=" ">
    <subfield code="a">gdc/doab</subfield>
  </datafield>
</record>