
<record>
  <leader>01137nam a22002415i 4500</leader>
  <controlfield tag="001">21349993</controlfield>
  <controlfield tag="005">20200102180117.0</controlfield>
  <controlfield tag="008">190214s2019    ua            000 0 ara  </controlfield>
  <datafield tag="010" ind1=" " ind2=" ">
    <subfield code="a">  2019326111</subfield>
  </datafield>
  <datafield tag="020" ind1=" " ind2=" ">
    <subfield code="a">9789773086190</subfield>
  </datafield>
  <datafield tag="037" ind1=" " ind2=" ">
    <subfield code="c">70.00 EGP</subfield>
  </datafield>
  <datafield tag="040" ind1=" " ind2=" ">
    <subfield code="a">EG-CaLB</subfield>
    <subfield code="b">eng</subfield>
    <subfield code="e">rda</subfield>
    <subfield code="c">EG-CaLB</subfield>
  </datafield>
  <datafield tag="100" ind1="1" ind2=" ">
    <subfield code="6">880-01</subfield>
    <subfield code="a">Mutawallī, Nuʻmān ʻAbd al-Samīʻ,</subfield>
    <subfield code="e">author. </subfield>
  </datafield>
  <datafield tag="245" ind1="1" ind2="0">
    <subfield code="6">880-02</subfield>
    <subfield code="a">Tajallīyāt al-tajribah al-shiʻrīyah :</subfield>
    <subfield code="b">dirāsah mawḍūʻīyah /</subfield>
    <subfield code="c">Duktūr Nuʻmān ʻAbd al-Samīʻ Mutawallī. </subfield>
  </datafield>
  <datafield tag="264" ind1=" " ind2="1">
    <subfield code="6">880-03</subfield>
    <subfield code="a">Dasūq [Egypt] :</subfield>
    <subfield code="b">Dār al-ʻIlm wa-al-Īmān lil-Nashr wa-al-Tawzīʻ,</subfield>
    <subfield code="c">2019. </subfield>
  </datafield>
  <datafield tag="300" ind1=" " ind2=" ">
    <subfield code="a">159 pages ;</subfield>
    <subfield code="c">24 cm</subfield>
  </datafield>
  <datafield tag="336" ind1=" " ind2=" ">
    <subfield code="a">text</subfield>
    <subfield code="b">txt</subfield>
    <subfield code="2">rdacontent</subfield>
  </datafield>
  <datafield tag="337" ind1=" " ind2=" ">
    <subfield code="a">unmediated</subfield>
    <subfield code="b">n</subfield>
    <subfield code="2">rdamedia</subfield>
  </datafield>
  <datafield tag="338" ind1=" " ind2=" ">
    <subfield code="a">volume</subfield>
    <subfield code="b">nc</subfield>
    <subfield code="2">rdacarrier</subfield>
  </datafield>
  <datafield tag="520" ind1=" " ind2=" ">
    <subfield code="a">Arabic poetry; history and criticism.</subfield>
  </datafield>
  <datafield tag="880" ind1="1" ind2=" ">
    <subfield code="6">100-01/(3/r</subfield>
    <subfield code="a">متولي، نعمان عبد السميع. </subfield>
  </datafield>
  <datafield tag="880" ind1="1" ind2="0">
    <subfield code="6">245-02/(3/r</subfield>
    <subfield code="a">تجليات التجربة الشعرية :</subfield>
    <subfield code="b">دراسة موضوعية /</subfield>
    <subfield code="c">دكتور نعمان عبد السميع متولي. </subfield>
  </datafield>
  <datafield tag="880" ind1=" " ind2="1">
    <subfield code="6">264-03/(3/r</subfield>
    <subfield code="a">دسوق [Egypt] :</subfield>
    <subfield code="b">دار العلم والإيمان للنشر والتوزيع،</subfield>
    <subfield code="c">2019. </subfield>
  </datafield>
</record>