
<record>
  <leader>01081nam a22002535i 4500</leader>
  <controlfield tag="001">21350013</controlfield>
  <controlfield tag="005">20200102180123.0</controlfield>
  <controlfield tag="008">190702s2019    ua a     b    000 0 ara  </controlfield>
  <datafield tag="010" ind1=" " ind2=" ">
    <subfield code="a">  2019326036</subfield>
  </datafield>
  <datafield tag="020" ind1=" " ind2=" ">
    <subfield code="a">9789779215969</subfield>
  </datafield>
  <datafield tag="037" ind1=" " ind2=" ">
    <subfield code="c">130.00 EGP</subfield>
  </datafield>
  <datafield tag="040" ind1=" " ind2=" ">
    <subfield code="a">EG-CaLB</subfield>
    <subfield code="b">eng</subfield>
    <subfield code="e">rda</subfield>
    <subfield code="c">EG-CaLB</subfield>
  </datafield>
  <datafield tag="100" ind1="1" ind2=" ">
    <subfield code="6">880-01</subfield>
    <subfield code="a">Zāyid, Aḥmad,</subfield>
    <subfield code="e">author.</subfield>
  </datafield>
  <datafield tag="245" ind1="1" ind2="0">
    <subfield code="6">880-02</subfield>
    <subfield code="a">Sīrah.. wa-masīrah.. wa-fikr :</subfield>
    <subfield code="b">dirāsāt naqdīyah ḥawla mashrūʻuh al-fikrī /</subfield>
    <subfield code="c">Aḥmad Zāyid.</subfield>
  </datafield>
  <datafield tag="264" ind1=" " ind2="1">
    <subfield code="6">880-03</subfield>
    <subfield code="a">al-Qāhirah :</subfield>
    <subfield code="b">al-Majis al-Aʻlá lil-Thaqāfah,</subfield>
    <subfield code="c">2019.</subfield>
  </datafield>
  <datafield tag="300" ind1=" " ind2=" ">
    <subfield code="a">570 pages :</subfield>
    <subfield code="b">illustrations ;</subfield>
    <subfield code="c">23 cm</subfield>
  </datafield>
  <datafield tag="336" ind1=" " ind2=" ">
    <subfield code="a">text</subfield>
    <subfield code="b">txt</subfield>
    <subfield code="2">rdacontent</subfield>
  </datafield>
  <datafield tag="337" ind1=" " ind2=" ">
    <subfield code="a">unmediated</subfield>
    <subfield code="b">n</subfield>
    <subfield code="2">rdamedia</subfield>
  </datafield>
  <datafield tag="338" ind1=" " ind2=" ">
    <subfield code="a">volume</subfield>
    <subfield code="b">nc</subfield>
    <subfield code="2">rdacarrier</subfield>
  </datafield>
  <datafield tag="504" ind1=" " ind2=" ">
    <subfield code="a">Includes bibliographical references. </subfield>
  </datafield>
  <datafield tag="520" ind1=" " ind2=" ">
    <subfield code="a">Sociologists; Egypt; biography.</subfield>
  </datafield>
  <datafield tag="880" ind1="1" ind2=" ">
    <subfield code="6">100-01/(3/r</subfield>
    <subfield code="a">زايد، أحمد. </subfield>
  </datafield>
  <datafield tag="880" ind1="1" ind2="0">
    <subfield code="6">245-02/(3/r</subfield>
    <subfield code="a">سيرة.. ومسيرة.. وفكر :</subfield>
    <subfield code="b">دراسات نقدية حول مشروعه الفكري /</subfield>
    <subfield code="c">أحمد زايد.</subfield>
  </datafield>
  <datafield tag="880" ind1=" " ind2="1">
    <subfield code="6">264-03/(3/r</subfield>
    <subfield code="a">القاهرة :</subfield>
    <subfield code="b">المجلس الأعلى للثقافة،</subfield>
    <subfield code="c">2019. </subfield>
  </datafield>
</record>