
<record>
  <leader>01494nam a22002535i 4500</leader>
  <controlfield tag="001">21350014</controlfield>
  <controlfield tag="005">20200102180123.0</controlfield>
  <controlfield tag="008">190704s2019    ua       b    000 0 ara  </controlfield>
  <datafield tag="010" ind1=" " ind2=" ">
    <subfield code="a">  2019326066</subfield>
  </datafield>
  <datafield tag="020" ind1=" " ind2=" ">
    <subfield code="a">9789773508678</subfield>
  </datafield>
  <datafield tag="037" ind1=" " ind2=" ">
    <subfield code="c">108.00 EGP</subfield>
  </datafield>
  <datafield tag="040" ind1=" " ind2=" ">
    <subfield code="a">EG-CaLB</subfield>
    <subfield code="b">eng</subfield>
    <subfield code="e">rda</subfield>
    <subfield code="c">EG-CaLB</subfield>
  </datafield>
  <datafield tag="100" ind1="1" ind2=" ">
    <subfield code="6">880-01</subfield>
    <subfield code="a">Bayūmī, ʻAlī Muḥammad,</subfield>
    <subfield code="e">author.</subfield>
  </datafield>
  <datafield tag="245" ind1="1" ind2="0">
    <subfield code="6">880-02</subfield>
    <subfield code="a">Ḍamānāt al-ḥurrīyāt al-ʻāmmah wa-al-ḥurrīyāt al-shakhṣīyah fī al-sharīʻah al-Islāmīyah wa-al-qānūn :</subfield>
    <subfield code="b">maʻa dirāsah muʻammaqah fī ḥurrīyat al-taṣarruf fī aʻḍāʼ al-jasad wa-naql wa-zirāʻat al-aʻḍāʼ /</subfield>
    <subfield code="c">iʻdād al-Duktūr ʻAlī Muḥammad Bayyūmī. </subfield>
  </datafield>
  <datafield tag="264" ind1=" " ind2="1">
    <subfield code="6">880-03</subfield>
    <subfield code="a">al-Qāhirah :</subfield>
    <subfield code="b">Dār al-Kitāb al-Ḥadīth,</subfield>
    <subfield code="c">2019.</subfield>
  </datafield>
  <datafield tag="300" ind1=" " ind2=" ">
    <subfield code="a">183 pages ;</subfield>
    <subfield code="c">24 cm</subfield>
  </datafield>
  <datafield tag="336" ind1=" " ind2=" ">
    <subfield code="a">text</subfield>
    <subfield code="b">txt</subfield>
    <subfield code="2">rdacontent</subfield>
  </datafield>
  <datafield tag="337" ind1=" " ind2=" ">
    <subfield code="a">unmediated</subfield>
    <subfield code="b">n</subfield>
    <subfield code="2">rdamedia</subfield>
  </datafield>
  <datafield tag="338" ind1=" " ind2=" ">
    <subfield code="a">volume</subfield>
    <subfield code="b">nc</subfield>
    <subfield code="2">rdacarrier</subfield>
  </datafield>
  <datafield tag="504" ind1=" " ind2=" ">
    <subfield code="a">Includes bibliographical references (pages 177-178). </subfield>
  </datafield>
  <datafield tag="520" ind1=" " ind2=" ">
    <subfield code="a">Transplantation of organs, tissues, etc. (Islamic law).</subfield>
  </datafield>
  <datafield tag="880" ind1="1" ind2=" ">
    <subfield code="6">100-01/(3/r</subfield>
    <subfield code="a">بيومي، علي محمد. </subfield>
  </datafield>
  <datafield tag="880" ind1="1" ind2="0">
    <subfield code="6">245-02/(3/r</subfield>
    <subfield code="a">ضمانات الحريات العامة والحريات الشحصية في الشريعة الإسلامية والقانون :</subfield>
    <subfield code="b">مع دراسة معمقة في حرية التصرف في أعضاء الجسد ونقل وزراعة الأعضاء /</subfield>
    <subfield code="c">إعداد الدكتور علي محمد بيومي. </subfield>
  </datafield>
  <datafield tag="880" ind1=" " ind2="1">
    <subfield code="6">264-03/(3/r</subfield>
    <subfield code="a">القاهرة :</subfield>
    <subfield code="b">دار الكتاب الحديث،</subfield>
    <subfield code="c">2019. </subfield>
  </datafield>
</record>