
<record>
  <leader>02151nam a22002655i 4500</leader>
  <controlfield tag="001">21350017</controlfield>
  <controlfield tag="005">20200102180124.0</controlfield>
  <controlfield tag="008">190512s2019    ua       b    000 0 ara  </controlfield>
  <datafield tag="010" ind1=" " ind2=" ">
    <subfield code="a">  2019326035</subfield>
  </datafield>
  <datafield tag="037" ind1=" " ind2=" ">
    <subfield code="c">EGP</subfield>
  </datafield>
  <datafield tag="040" ind1=" " ind2=" ">
    <subfield code="a">EG-CaLB</subfield>
    <subfield code="b">eng</subfield>
    <subfield code="e">rda</subfield>
    <subfield code="c">EG-CaLB</subfield>
  </datafield>
  <datafield tag="100" ind1="1" ind2=" ">
    <subfield code="6">880-01</subfield>
    <subfield code="a">Rustam, Muḥammad ibn Zayn al-ʻĀbidīn,</subfield>
    <subfield code="e">author.</subfield>
  </datafield>
  <datafield tag="245" ind1="1" ind2="0">
    <subfield code="6">880-02</subfield>
    <subfield code="a">ʻUyūn al-maqālāt fī al-fikr wa-al-adab :</subfield>
    <subfield code="b">fīmā ḥūḍira bi-hi fī al-multaqayāt wa-al-muʼtamarāt aw nushira fī buṭūn al-majālāt /</subfield>
    <subfield code="c">taʼlīf al-Ustādh al-Duktūr Muḥammad ibn Zayn al-ʻĀbidīn Rustam, ustādh al-taʻlīm al-ʻālī bi-Kullīyat al-Ādāb wa-al-ʻUlūm al-Insānīyah, Jāmiʻat al-Sulṭān Mawlāy Sulaymān Bnī Malāl, al-Mamlakah al-Maghribīyah ; taqdīm al-Shaykh al-ʻAllāmah al-Adīb al-Mufakkir al-Islāmī al-Kabīr al-Ustādh al-Duktūr Ḥasan al-Warākilī. </subfield>
  </datafield>
  <datafield tag="250" ind1=" " ind2=" ">
    <subfield code="6">880-03</subfield>
    <subfield code="a">al-Ṭabʻah al-ūlá.</subfield>
  </datafield>
  <datafield tag="264" ind1=" " ind2="1">
    <subfield code="6">880-04</subfield>
    <subfield code="a">al-Qāhirah :</subfield>
    <subfield code="b">Dār al-Khizānah al-Azharīyah lil-Dirāsāt wa-al-Nashr,</subfield>
    <subfield code="c">2019.</subfield>
  </datafield>
  <datafield tag="300" ind1=" " ind2=" ">
    <subfield code="a">412 pages ;</subfield>
    <subfield code="c">24 cm</subfield>
  </datafield>
  <datafield tag="336" ind1=" " ind2=" ">
    <subfield code="a">text</subfield>
    <subfield code="b">txt</subfield>
    <subfield code="2">rdacontent</subfield>
  </datafield>
  <datafield tag="337" ind1=" " ind2=" ">
    <subfield code="a">unmediated</subfield>
    <subfield code="b">n</subfield>
    <subfield code="2">rdamedia</subfield>
  </datafield>
  <datafield tag="338" ind1=" " ind2=" ">
    <subfield code="a">volume</subfield>
    <subfield code="b">nc</subfield>
    <subfield code="2">rdacarrier</subfield>
  </datafield>
  <datafield tag="504" ind1=" " ind2=" ">
    <subfield code="a">Includes bibliographical references. </subfield>
  </datafield>
  <datafield tag="520" ind1=" " ind2=" ">
    <subfield code="a">Arabic literature; history and criticism.</subfield>
  </datafield>
  <datafield tag="880" ind1="1" ind2=" ">
    <subfield code="6">100-01/(3/r</subfield>
    <subfield code="a">رستم، محمد بن زين العابدين. </subfield>
  </datafield>
  <datafield tag="880" ind1="1" ind2="0">
    <subfield code="6">245-02/(3/r</subfield>
    <subfield code="a">عيون المقالات في الفكر والأدب :</subfield>
    <subfield code="b">فيما حوضر به في الملتقيات والمؤتمرات أو نشر في بطون المجلات /</subfield>
    <subfield code="c">تأليف الأستاذ الدكتور محمد بن زين العابدين رستم، أستاذ التعليم العالي بكلية الآداب والعلوم الإنسانية، جامعة السلطان مولاي سليمان بني ملال، المملكة المغربية ؛ تقديم الشيخ العلامة الأديب المفكر الإسلامي الكبير الأستاذ الدكتور حسن الوراكلي. </subfield>
  </datafield>
  <datafield tag="880" ind1=" " ind2=" ">
    <subfield code="6">250-03/(3/r</subfield>
    <subfield code="a">الطبعة الأولى.</subfield>
  </datafield>
  <datafield tag="880" ind1=" " ind2="1">
    <subfield code="6">264-04/(3/r</subfield>
    <subfield code="a">القاهرة :</subfield>
    <subfield code="b">دار الخزانة الأزهرية للدراسات والنشر،</subfield>
    <subfield code="c">2019. </subfield>
  </datafield>
</record>