
<record>
  <leader>04350cam a22004698i 4500</leader>
  <controlfield tag="001">21350033</controlfield>
  <controlfield tag="005">20200102183810.0</controlfield>
  <controlfield tag="008">191215s2020    pau     ob    001 0 eng  </controlfield>
  <controlfield tag="006">m |o d | </controlfield>
  <controlfield tag="007">cr_|||||||||||</controlfield>
  <datafield tag="906" ind1=" " ind2=" ">
    <subfield code="a">7</subfield>
    <subfield code="b">cbc</subfield>
    <subfield code="c">orignew</subfield>
    <subfield code="d">1</subfield>
    <subfield code="e">ecip</subfield>
    <subfield code="f">20</subfield>
    <subfield code="g">y-gencatlg</subfield>
  </datafield>
  <datafield tag="925" ind1="0" ind2=" ">
    <subfield code="a">acquire</subfield>
    <subfield code="e">ecip ebook</subfield>
    <subfield code="x">policy default</subfield>
  </datafield>
  <datafield tag="955" ind1=" " ind2=" ">
    <subfield code="a">ecip ebook 2020-01-02</subfield>
  </datafield>
  <datafield tag="010" ind1=" " ind2=" ">
    <subfield code="a">  2019047055</subfield>
  </datafield>
  <datafield tag="020" ind1=" " ind2=" ">
    <subfield code="a">9781799830641</subfield>
    <subfield code="q">(ebook)</subfield>
  </datafield>
  <datafield tag="020" ind1=" " ind2=" ">
    <subfield code="z">9781799830627</subfield>
    <subfield code="q">(hardcover)</subfield>
  </datafield>
  <datafield tag="020" ind1=" " ind2=" ">
    <subfield code="z">9781799830634</subfield>
    <subfield code="q">(paperback)</subfield>
  </datafield>
  <datafield tag="040" ind1=" " ind2=" ">
    <subfield code="a">DLC</subfield>
    <subfield code="b">eng</subfield>
    <subfield code="c">DLC</subfield>
    <subfield code="e">rda</subfield>
  </datafield>
  <datafield tag="042" ind1=" " ind2=" ">
    <subfield code="a">pcc</subfield>
  </datafield>
  <datafield tag="050" ind1="0" ind2="0">
    <subfield code="a">LB2395.7</subfield>
  </datafield>
  <datafield tag="082" ind1="0" ind2="0">
    <subfield code="a">378.1/7344678</subfield>
    <subfield code="2">23</subfield>
  </datafield>
  <datafield tag="245" ind1="0" ind2="0">
    <subfield code="a">ICT-based assessment, methods, and programs in tertiary education /</subfield>
    <subfield code="c">Serpil Meri Yilan and Kasim Koruyan, editors.</subfield>
  </datafield>
  <datafield tag="263" ind1=" " ind2=" ">
    <subfield code="a">2004</subfield>
  </datafield>
  <datafield tag="264" ind1=" " ind2="1">
    <subfield code="a">Hershey, PA :</subfield>
    <subfield code="b">Information Science Reference,</subfield>
    <subfield code="c">[2020]</subfield>
  </datafield>
  <datafield tag="300" ind1=" " ind2=" ">
    <subfield code="a">1 online resource</subfield>
  </datafield>
  <datafield tag="336" ind1=" " ind2=" ">
    <subfield code="a">text</subfield>
    <subfield code="b">txt</subfield>
    <subfield code="2">rdacontent</subfield>
  </datafield>
  <datafield tag="337" ind1=" " ind2=" ">
    <subfield code="a">computer</subfield>
    <subfield code="b">n</subfield>
    <subfield code="2">rdamedia</subfield>
  </datafield>
  <datafield tag="338" ind1=" " ind2=" ">
    <subfield code="a">online resource</subfield>
    <subfield code="b">nc</subfield>
    <subfield code="2">rdacarrier</subfield>
  </datafield>
  <datafield tag="504" ind1=" " ind2=" ">
    <subfield code="a">Includes bibliographical references and index.</subfield>
  </datafield>
  <datafield tag="505" ind1="0" ind2=" ">
    <subfield code="a">A framework for the assessment of learner autonomy in language learning : establishment of a measuring scale and bands / Sahar Alzahrani -- Assessing language learning in technology-enhanced environments / Zeynep Çetin Köroglu -- An expanded framework for facilitating learner autonomy and enhancing intrinsic motivation through specifically designed online tasks : technology-enhanced language learning / Kasim Koruyan -- Assessment of language learning strategies in technology-enhanced learning environment / Wagdi Bin-Hady, Abdu Al-Kadi, Ali Alzubi, Hussan Mahdi -- Assessing foreign language narrative writing through automated writing evaluation : a case for the web-based Pigai system / Chia-An Lin, Yen-Liang Lin, Pei-Shan Tsai -- An expanded framework for facilitating learner autonomy and enhancing intrinsic motivation : technology-enhanced language learning / Kasim Koruyan -- Assessing the impact of a digital ecosystem to learn English pronunciation / Ana María Pinto-Llorente -- Towards the implementation of e-assessment in L2 IsiZulu : an examination of four listening comprehension tasks / Shamila Naidoo, Roshni Gokool -- A digital ecosystem for teaching-learning English in higher education. a qualitative case study / Ana María Pinto-Llorente -- The effects of visual and aural comprehension tasks in a L2 isiZulu e-assessment / Roshni Gokool, Shamila Naidoo -- Effectiveness of computer managed instruction on students&apos; performance in tertiary institutions / Salako Adekunle, Solomon Adepoju, Suleiman Garba, Muhammed Abdullahi -- Technology integration into instruction in the United States : a policy brief on accountability in higher education / Ibrahim Karkouti -- The effect of using digital stories in teaching English as a second language : digital stories in teaching English / Fatma Gizem Karaoglan Yilmaz, Busra Koseoglu, Cansu Ayvali -- Silent observation / Mohd Javed Khan -- Factors influencing virtual learning system usage in higher education / Indira Padayachee -- Task-based language learning through digital storytelling in a blended learning environment / Serpil Meri Yilan -- Collaborative discussion using Padlet to enhance the teaching and learning of essay writing in Mandarin language / Teng Yap, Azlin Zainal, Vinothini Vasodavan, Emily Lau -- Conceptualizing formative blended assessment (FBA) in Saudi EFL / Mansoor Almalki, Paul Gruba.</subfield>
  </datafield>
  <datafield tag="588" ind1=" " ind2=" ">
    <subfield code="a">Description based on print version record and CIP data provided by publisher; resource not viewed.</subfield>
  </datafield>
  <datafield tag="650" ind1=" " ind2="0">
    <subfield code="a">Education, Higher</subfield>
    <subfield code="x">Computer-assisted instruction.</subfield>
  </datafield>
  <datafield tag="650" ind1=" " ind2="0">
    <subfield code="a">Postsecondary education</subfield>
    <subfield code="x">Computer-assisted instruction.</subfield>
  </datafield>
  <datafield tag="650" ind1=" " ind2="0">
    <subfield code="a">Education, Higher</subfield>
    <subfield code="x">Effect of technological innovations on.</subfield>
  </datafield>
  <datafield tag="650" ind1=" " ind2="0">
    <subfield code="a">Postsecondary education</subfield>
    <subfield code="x">Effect of technological innovations on.</subfield>
  </datafield>
  <datafield tag="650" ind1=" " ind2="0">
    <subfield code="a">Education, Higher</subfield>
    <subfield code="x">Information technology.</subfield>
  </datafield>
  <datafield tag="650" ind1=" " ind2="0">
    <subfield code="a">Postsecondary education</subfield>
    <subfield code="x">Information technology.</subfield>
  </datafield>
  <datafield tag="650" ind1=" " ind2="0">
    <subfield code="a">Educational technology.</subfield>
  </datafield>
  <datafield tag="700" ind1="1" ind2=" ">
    <subfield code="a">Meri Yilan, Serpil,</subfield>
    <subfield code="d">1987-</subfield>
    <subfield code="e">editor.</subfield>
  </datafield>
  <datafield tag="700" ind1="1" ind2=" ">
    <subfield code="a">Koruyan, Kasim,</subfield>
    <subfield code="d">1974-</subfield>
    <subfield code="e">editor.</subfield>
  </datafield>
  <datafield tag="776" ind1="0" ind2="8">
    <subfield code="i">Print version:</subfield>
    <subfield code="t">ICT-based assessment, methods, and programs in tertiary education</subfield>
    <subfield code="d">Hershey, PA : Information Science Reference, [2020]</subfield>
    <subfield code="z">9781799830627</subfield>
    <subfield code="w">(DLC) 2019047054</subfield>
  </datafield>
  <datafield tag="985" ind1=" " ind2=" ">
    <subfield code="a">LC online resource</subfield>
    <subfield code="d">2020-01-02</subfield>
  </datafield>
</record>