
<record>
  <leader>04763cam a22004458i 4500</leader>
  <controlfield tag="001">21350034</controlfield>
  <controlfield tag="005">20200102183858.0</controlfield>
  <controlfield tag="008">191222s2020    enk     ob    001 0 eng  </controlfield>
  <controlfield tag="006">m |o d | </controlfield>
  <controlfield tag="007">cr_|||||||||||</controlfield>
  <datafield tag="906" ind1=" " ind2=" ">
    <subfield code="a">7</subfield>
    <subfield code="b">cbc</subfield>
    <subfield code="c">orignew</subfield>
    <subfield code="d">1</subfield>
    <subfield code="e">ecip</subfield>
    <subfield code="f">20</subfield>
    <subfield code="g">y-gencatlg</subfield>
  </datafield>
  <datafield tag="925" ind1="0" ind2=" ">
    <subfield code="a">acquire</subfield>
    <subfield code="e">ecip ebook</subfield>
    <subfield code="x">policy default</subfield>
  </datafield>
  <datafield tag="955" ind1=" " ind2=" ">
    <subfield code="a">ecip ebook 2020-01-02</subfield>
  </datafield>
  <datafield tag="010" ind1=" " ind2=" ">
    <subfield code="a">  2019040737</subfield>
  </datafield>
  <datafield tag="020" ind1=" " ind2=" ">
    <subfield code="a">9781108559607</subfield>
    <subfield code="q">(epub)</subfield>
  </datafield>
  <datafield tag="020" ind1=" " ind2=" ">
    <subfield code="z">9781108472265</subfield>
    <subfield code="q">(hardback)</subfield>
  </datafield>
  <datafield tag="020" ind1=" " ind2=" ">
    <subfield code="z">9781108459198</subfield>
    <subfield code="q">(paperback)</subfield>
  </datafield>
  <datafield tag="040" ind1=" " ind2=" ">
    <subfield code="a">DLC</subfield>
    <subfield code="b">eng</subfield>
    <subfield code="c">DLC</subfield>
    <subfield code="e">rda</subfield>
  </datafield>
  <datafield tag="042" ind1=" " ind2=" ">
    <subfield code="a">pcc</subfield>
  </datafield>
  <datafield tag="050" ind1="0" ind2="0">
    <subfield code="a">LB2351</subfield>
  </datafield>
  <datafield tag="082" ind1="0" ind2="0">
    <subfield code="a">378.1/61</subfield>
    <subfield code="2">23</subfield>
  </datafield>
  <datafield tag="245" ind1="0" ind2="0">
    <subfield code="a">Higher education admission practices :</subfield>
    <subfield code="b">an international perspective /</subfield>
    <subfield code="c">edited by María Elena Oliveri, Cathy Wendler.</subfield>
  </datafield>
  <datafield tag="263" ind1=" " ind2=" ">
    <subfield code="a">2001</subfield>
  </datafield>
  <datafield tag="264" ind1=" " ind2="1">
    <subfield code="a">Cambridge ;</subfield>
    <subfield code="a">New York, NY :</subfield>
    <subfield code="b">Cambridge University Press,</subfield>
    <subfield code="c">2020.</subfield>
  </datafield>
  <datafield tag="300" ind1=" " ind2=" ">
    <subfield code="a">1 online resource</subfield>
  </datafield>
  <datafield tag="336" ind1=" " ind2=" ">
    <subfield code="a">text</subfield>
    <subfield code="b">txt</subfield>
    <subfield code="2">rdacontent</subfield>
  </datafield>
  <datafield tag="337" ind1=" " ind2=" ">
    <subfield code="a">computer</subfield>
    <subfield code="b">n</subfield>
    <subfield code="2">rdamedia</subfield>
  </datafield>
  <datafield tag="338" ind1=" " ind2=" ">
    <subfield code="a">online resource</subfield>
    <subfield code="b">nc</subfield>
    <subfield code="2">rdacarrier</subfield>
  </datafield>
  <datafield tag="490" ind1="0" ind2=" ">
    <subfield code="a">Educational and psychological testing in a global context</subfield>
  </datafield>
  <datafield tag="504" ind1=" " ind2=" ">
    <subfield code="a">Includes bibliographical references and index.</subfield>
  </datafield>
  <datafield tag="505" ind1="0" ind2=" ">
    <subfield code="a">An overview of higher education admissions processes / Rochelle Michel and Simone Pollard -- Comparing college aspirations across PISA countries : are 17 percent oranges less than 75 percent apples? / Matthias von Davier and Hak Ping Tam -- Merit-based admissions in higher education / Christina Wikström and Magnus Wikström -- The open admissions model : an example from the United States / Kevin M. Williams and Cathy Wendler -- Character-based admissions criteria in the United States and in Europe : rationale, evidence, and some critical remarks / A. Susan M. Niessen and Rob R. Meijer -- Cross-cultural and global competencies and their role in admissions policies and practices / Stephanie McKeown, Adrienne Vedan, Jackson Traplin, Leah Sanford, and Cynthia Bourne -- Admissions policies and practices and the reshaping of access patterns to higher education in Africa / Ibrahim Oanda -- Chile&apos;s admissions tests : pending changes and revisions / Mladen Koljatic and Mónica Silva -- Issues of perceived fairness in admissions assessments in small countries : the case of the Republic of Cyprus / Elena C. Papanastasiou and Michalis P. Michaelides -- Higher education admissions practices in Israel / Avi Allalouf, Yoav Cohen, and Naomi Gafni -- Access, equity, and admissions in South African higher education / Naziema Jappie -- Admissions practices in Sweden / Per-Erik Lyrén and Christina Wikström -- Revisions of admissions testing in Vietnam : from elite to mass higher education / Duy Ngoc Pham and Hong Cong Sai -- General academic and subject-based examinations used in undergraduate higher education admissions / Rosemary Reshetar and Martha F. Pitts -- Language proficiency assessments in higher education admissions / Thomas Eckes and Hans-Joachim Althaus -- Measuring student character : modernizing predictors of academic success / Nathan Kuncel, Khue Tran, and Shu Han (Charlene) Zhang -- The ACT Holistic Framework® of education and workplace success / Jeremy Burrus, Jason Way, Becky Bobek, Kristin Stoeffler, and Ryan O&apos;Connor -- Using mathematical models to improve access to postsecondary education / Rebecca Zwick -- After admissions : what comes next in higher education? / María Elena Oliveri, Robert J. Mislevy, and Norbert Elliot.</subfield>
  </datafield>
  <datafield tag="520" ind1=" " ind2=" ">
    <subfield code="a">&quot;The Educational and Psychological Testing in a Global Context series features advanced theory, research, and practice in the areas of international testing and assessment in psychology, education, counseling, organizational behavior, human resource management and all related disciplines. It aims to explore, in great depth, the national and cultural idiosyncrasies of test use and how they affect the psychometric quality of assessments and the decisions made on the basis of measures. Our hope is to contribute to the quality of measurement and to facilitate the work of professionals who must use practices or measures with which they may be unfamiliar or adapt familiar measures to a local context&quot;--</subfield>
    <subfield code="c">Provided by publisher.</subfield>
  </datafield>
  <datafield tag="588" ind1=" " ind2=" ">
    <subfield code="a">Description based on print version record and CIP data provided by publisher; resource not viewed.</subfield>
  </datafield>
  <datafield tag="650" ind1=" " ind2="0">
    <subfield code="a">Universities and colleges</subfield>
    <subfield code="x">Admission</subfield>
    <subfield code="v">Case studies.</subfield>
  </datafield>
  <datafield tag="650" ind1=" " ind2="0">
    <subfield code="a">Universities and colleges</subfield>
    <subfield code="x">Entrance requirements</subfield>
    <subfield code="v">Case studies.</subfield>
  </datafield>
  <datafield tag="650" ind1=" " ind2="0">
    <subfield code="a">Comparative education.</subfield>
  </datafield>
  <datafield tag="700" ind1="1" ind2=" ">
    <subfield code="a">Oliveri, María Elena,</subfield>
    <subfield code="d">1974,</subfield>
    <subfield code="e">editor.</subfield>
  </datafield>
  <datafield tag="700" ind1="1" ind2=" ">
    <subfield code="a">Wendler, Cathy,</subfield>
    <subfield code="e">editor.</subfield>
  </datafield>
  <datafield tag="776" ind1="0" ind2="8">
    <subfield code="i">Print version:</subfield>
    <subfield code="t">Higher education admission practices</subfield>
    <subfield code="d">Cambridge ; New York, NY : Cambridge University Press, 2020.</subfield>
    <subfield code="z">9781108472265</subfield>
    <subfield code="w">(DLC) 2019040736</subfield>
  </datafield>
  <datafield tag="985" ind1=" " ind2=" ">
    <subfield code="a">LC online resource</subfield>
    <subfield code="d">2020-01-02</subfield>
  </datafield>
</record>