
<record>
  <leader>02907nam a22004578i 4500</leader>
  <controlfield tag="001">21350046</controlfield>
  <controlfield tag="005">20200102193920.0</controlfield>
  <controlfield tag="008">191220s2020    ne       b    001 0 eng  </controlfield>
  <datafield tag="906" ind1=" " ind2=" ">
    <subfield code="a">0</subfield>
    <subfield code="b">ibc</subfield>
    <subfield code="c">orignew</subfield>
    <subfield code="d">1</subfield>
    <subfield code="e">ecip</subfield>
    <subfield code="f">20</subfield>
    <subfield code="g">y-gencatlg</subfield>
  </datafield>
  <datafield tag="925" ind1="0" ind2=" ">
    <subfield code="a">acquire</subfield>
    <subfield code="b">1 shelf copy</subfield>
    <subfield code="x">policy default</subfield>
  </datafield>
  <datafield tag="955" ind1=" " ind2=" ">
    <subfield code="b">LBSOR 2020-01-20</subfield>
  </datafield>
  <datafield tag="010" ind1=" " ind2=" ">
    <subfield code="a">  2019040240</subfield>
  </datafield>
  <datafield tag="020" ind1=" " ind2=" ">
    <subfield code="a">9789004394957</subfield>
    <subfield code="q">(hardback)</subfield>
  </datafield>
  <datafield tag="020" ind1=" " ind2=" ">
    <subfield code="z">9789004409682</subfield>
    <subfield code="q">(ebook)</subfield>
  </datafield>
  <datafield tag="040" ind1=" " ind2=" ">
    <subfield code="a">LBSOR/DLC</subfield>
    <subfield code="b">eng</subfield>
    <subfield code="e">rda</subfield>
    <subfield code="c">DLC</subfield>
  </datafield>
  <datafield tag="042" ind1=" " ind2=" ">
    <subfield code="a">pcc</subfield>
  </datafield>
  <datafield tag="043" ind1=" " ind2=" ">
    <subfield code="a">eng</subfield>
    <subfield code="a">eng</subfield>
    <subfield code="h">lat</subfield>
  </datafield>
  <datafield tag="050" ind1="0" ind2="0">
    <subfield code="a">JC71.P6</subfield>
  </datafield>
  <datafield tag="245" ind1="0" ind2="0">
    <subfield code="a">Uberto Decembrio, Four books on the commonwealth =</subfield>
    <subfield code="b">De re publica libri IV /</subfield>
    <subfield code="c">edited and translated by Paolo Ponzù Donato.</subfield>
  </datafield>
  <datafield tag="263" ind1=" " ind2=" ">
    <subfield code="a">1912</subfield>
  </datafield>
  <datafield tag="264" ind1=" " ind2="1">
    <subfield code="a">Leiden ;</subfield>
    <subfield code="a">Boston :</subfield>
    <subfield code="b">Brill,</subfield>
    <subfield code="c">[2020]</subfield>
  </datafield>
  <datafield tag="300" ind1=" " ind2=" ">
    <subfield code="a">pages cm.</subfield>
  </datafield>
  <datafield tag="336" ind1=" " ind2=" ">
    <subfield code="a">text</subfield>
    <subfield code="b">txt</subfield>
    <subfield code="2">rdacontent</subfield>
  </datafield>
  <datafield tag="337" ind1=" " ind2=" ">
    <subfield code="a">unmediated</subfield>
    <subfield code="b">n</subfield>
    <subfield code="2">rdamedia</subfield>
  </datafield>
  <datafield tag="338" ind1=" " ind2=" ">
    <subfield code="a">volume</subfield>
    <subfield code="b">nc</subfield>
    <subfield code="2">rdacarrier</subfield>
  </datafield>
  <datafield tag="490" ind1="0" ind2=" ">
    <subfield code="a">The Renaissance Society of America texts and studies series,</subfield>
    <subfield code="x">2212-3091 ;</subfield>
    <subfield code="v">volume 13</subfield>
  </datafield>
  <datafield tag="504" ind1=" " ind2=" ">
    <subfield code="a">Includes bibliographical references and indexes.</subfield>
  </datafield>
  <datafield tag="505" ind1="0" ind2=" ">
    <subfield code="a">The person : Uberto Decembrio -- The De re publica libri IV : structure and themes -- Uberto Decembrio&apos;s &apos;civic humanism&apos; -- History of the text -- Editorial principles -- De re publica libri IV/Four books on the commonwealth.</subfield>
  </datafield>
  <datafield tag="520" ind1=" " ind2=" ">
    <subfield code="a">&quot;Uberto Decembrio&apos;s Four Books on the Commonwealth (De re publica libri IV, ca. 1420), edited and translated by Paolo Ponzù Donato, is one of the earliest examples of the reception of Plato&apos;s Republic in the 15th century. This humanistic dialogue provides a thoughtful insight on themes such as justice, the best government, the morals of the prince and citizen, education, and religion. Decembrio&apos;s dialogue is dedicated to Filippo Maria Visconti, duke of Milan, the &apos;worst enemy&apos; of Florence. Making use of literary and documentary sources, Ponzù Donato convincingly proves that Decembrio&apos;s thought, sharing many points with the Florentine humanist Leonardo Bruni, belongs to the same world of Civic Humanism&quot;--</subfield>
    <subfield code="c">Provided by publisher.</subfield>
  </datafield>
  <datafield tag="546" ind1=" " ind2=" ">
    <subfield code="a">Introduction and commentary in English, with text in Latin and parallel English translation.</subfield>
  </datafield>
  <datafield tag="600" ind1="0" ind2="0">
    <subfield code="a">Plato.</subfield>
    <subfield code="t">Republic.</subfield>
  </datafield>
  <datafield tag="600" ind1="0" ind2="0">
    <subfield code="a">Plato</subfield>
    <subfield code="x">Influence.</subfield>
  </datafield>
  <datafield tag="600" ind1="1" ind2="0">
    <subfield code="a">Decembrio, Uberto,</subfield>
    <subfield code="d">approximately 1350-1427.</subfield>
  </datafield>
  <datafield tag="600" ind1="1" ind2="0">
    <subfield code="a">Decembrio, Uberto,</subfield>
    <subfield code="d">approximately 1350-1427.</subfield>
    <subfield code="t">De re publica libri IV.</subfield>
  </datafield>
  <datafield tag="650" ind1=" " ind2="0">
    <subfield code="a">Humanism.</subfield>
  </datafield>
  <datafield tag="650" ind1=" " ind2="0">
    <subfield code="a">Political science</subfield>
    <subfield code="v">Early works to 1800.</subfield>
  </datafield>
  <datafield tag="700" ind1="1" ind2=" ">
    <subfield code="a">Ponzù Donato, Paolo,</subfield>
    <subfield code="e">editor,</subfield>
    <subfield code="e">translator.</subfield>
  </datafield>
  <datafield tag="700" ind1="1" ind2="2">
    <subfield code="i">Container of (work):</subfield>
    <subfield code="a">Decembrio, Uberto,</subfield>
    <subfield code="d">approximately 1350-1427.</subfield>
    <subfield code="t">De re publica libri IV.</subfield>
  </datafield>
  <datafield tag="700" ind1="1" ind2="2">
    <subfield code="i">Container of (expression):</subfield>
    <subfield code="a">Decembrio, Uberto,</subfield>
    <subfield code="d">approximately 1350-1427.</subfield>
    <subfield code="t">De re publica libri IV.</subfield>
    <subfield code="l">English.</subfield>
  </datafield>
  <datafield tag="776" ind1="0" ind2="8">
    <subfield code="i">Online version:</subfield>
    <subfield code="t">Uberto Decembrio, Four books on the commonwealth.</subfield>
    <subfield code="d">Leiden ; Boston : Brill, [2020]</subfield>
    <subfield code="z">9789004409682</subfield>
    <subfield code="w">(DLC)  2019040241</subfield>
  </datafield>
  <datafield tag="985" ind1=" " ind2=" ">
    <subfield code="a">LBSORCIP</subfield>
    <subfield code="d">2020-01-20</subfield>
  </datafield>
</record>