
<record>
  <leader>03370nam a22004218i 4500</leader>
  <controlfield tag="001">21350053</controlfield>
  <controlfield tag="005">20200102194249.0</controlfield>
  <controlfield tag="008">191220s2020    nyu      b    001 0 eng  </controlfield>
  <datafield tag="906" ind1=" " ind2=" ">
    <subfield code="a">0</subfield>
    <subfield code="b">ibc</subfield>
    <subfield code="c">orignew</subfield>
    <subfield code="d">1</subfield>
    <subfield code="e">ecip</subfield>
    <subfield code="f">20</subfield>
    <subfield code="g">y-gencatlg</subfield>
  </datafield>
  <datafield tag="925" ind1="0" ind2=" ">
    <subfield code="a">acquire</subfield>
    <subfield code="b">1 shelf copy</subfield>
    <subfield code="x">policy default</subfield>
  </datafield>
  <datafield tag="955" ind1=" " ind2=" ">
    <subfield code="b">LBSOR 2020-01-20</subfield>
  </datafield>
  <datafield tag="010" ind1=" " ind2=" ">
    <subfield code="a">  2019041565</subfield>
  </datafield>
  <datafield tag="020" ind1=" " ind2=" ">
    <subfield code="a">9780190093235</subfield>
    <subfield code="q">(hardback)</subfield>
  </datafield>
  <datafield tag="020" ind1=" " ind2=" ">
    <subfield code="a">9780190093310</subfield>
    <subfield code="q">(paperback)</subfield>
  </datafield>
  <datafield tag="020" ind1=" " ind2=" ">
    <subfield code="z">9780190093259</subfield>
    <subfield code="q">(epub)</subfield>
  </datafield>
  <datafield tag="020" ind1=" " ind2=" ">
    <subfield code="z">9780190093266</subfield>
  </datafield>
  <datafield tag="040" ind1=" " ind2=" ">
    <subfield code="a">LBSOR/DLC</subfield>
    <subfield code="b">eng</subfield>
    <subfield code="e">rda</subfield>
    <subfield code="c">DLC</subfield>
  </datafield>
  <datafield tag="042" ind1=" " ind2=" ">
    <subfield code="a">pcc</subfield>
  </datafield>
  <datafield tag="043" ind1=" " ind2=" ">
    <subfield code="a">f-ua---</subfield>
  </datafield>
  <datafield tag="050" ind1="0" ind2="0">
    <subfield code="a">JQ3881</subfield>
  </datafield>
  <datafield tag="100" ind1="1" ind2=" ">
    <subfield code="a">Herrold, Catherine,</subfield>
    <subfield code="e">author.</subfield>
  </datafield>
  <datafield tag="245" ind1="1" ind2="0">
    <subfield code="a">Delta democracy :</subfield>
    <subfield code="b">pathways to incremental civic revolution in Egypt and beyond /</subfield>
    <subfield code="c">by Catherine E. Herrold.</subfield>
  </datafield>
  <datafield tag="263" ind1=" " ind2=" ">
    <subfield code="a">2004</subfield>
  </datafield>
  <datafield tag="264" ind1=" " ind2="1">
    <subfield code="a">New York, NY :</subfield>
    <subfield code="b">Oxford University Press,</subfield>
    <subfield code="c">[2020]</subfield>
  </datafield>
  <datafield tag="300" ind1=" " ind2=" ">
    <subfield code="a">pages cm.</subfield>
  </datafield>
  <datafield tag="336" ind1=" " ind2=" ">
    <subfield code="a">text</subfield>
    <subfield code="b">txt</subfield>
    <subfield code="2">rdacontent</subfield>
  </datafield>
  <datafield tag="337" ind1=" " ind2=" ">
    <subfield code="a">unmediated</subfield>
    <subfield code="b">n</subfield>
    <subfield code="2">rdamedia</subfield>
  </datafield>
  <datafield tag="338" ind1=" " ind2=" ">
    <subfield code="a">volume</subfield>
    <subfield code="b">nc</subfield>
    <subfield code="2">rdacarrier</subfield>
  </datafield>
  <datafield tag="490" ind1="0" ind2=" ">
    <subfield code="a">Bridging the gap</subfield>
  </datafield>
  <datafield tag="504" ind1=" " ind2=" ">
    <subfield code="a">Includes bibliographical references and index.</subfield>
  </datafield>
  <datafield tag="505" ind1="0" ind2=" ">
    <subfield code="a">The co-optation of Egypt&apos;s NGO sector -- The widening and narrowing of Egypt&apos;s civic space -- The West&apos;s democracy promotion playbook -- All you need is tea : an alternative democracy promotion playbook -- Promoting democracy in the face of autocracy.</subfield>
  </datafield>
  <datafield tag="520" ind1=" " ind2=" ">
    <subfield code="a">&quot;For decades, the United States has funded democracy promotion programs in the Middle East to little avail. Delta Democracy: Pathways to Incremental Civic Revolution in Egypt and Beyond argues that there is another way forward for US democracy aid. Drawing upon the author&apos;s ethnographic research on Egypt&apos;s nongovernmental organizations (NGOs) in the wake of the 2011 Arab Spring uprisings, Delta Democracy uncovers the strategies that local NGOs used to incrementally build a more democratic and just society. As it takes the reader inside the walls of Egypt&apos;s NGOs, the book illuminates local activists&apos; perspectives on democracy in Egypt and reveals how savvy organizations promoted it as they navigated rapidly evolving opportunities and constraints in the years following the uprisings. Departing from US democracy brokers&apos; heavy-handed attempts reform national political institutions, local organizations worked with grassroots communities to build a culture of democracy through public discussion and debate, free expression, and rights claiming. By weaving this democracy building work into public-facing economic development projects, Egypt&apos;s NGOs managed to persevere through years of government crackdowns on civil society. Taking lessons learned from the Egyptian case, Delta Democracy advances our scholarly understanding of how civil society organizations maneuver state repression to combat political authoritarianism. It also offers a concrete set of recommendations on how US policy makers can restructure foreign aid to better connect with global contemporary civic revolutions for democracy&quot;--</subfield>
    <subfield code="c">Provided by publisher.</subfield>
  </datafield>
  <datafield tag="650" ind1=" " ind2="0">
    <subfield code="a">Democratization</subfield>
    <subfield code="z">Egypt.</subfield>
  </datafield>
  <datafield tag="650" ind1=" " ind2="0">
    <subfield code="a">Non-governmental organizations</subfield>
    <subfield code="z">Egypt.</subfield>
  </datafield>
  <datafield tag="650" ind1=" " ind2="0">
    <subfield code="a">Civil society</subfield>
    <subfield code="z">Egypt</subfield>
    <subfield code="y">21st century.</subfield>
  </datafield>
  <datafield tag="651" ind1=" " ind2="0">
    <subfield code="a">Egypt</subfield>
    <subfield code="x">Politics and government</subfield>
    <subfield code="y">2011-</subfield>
  </datafield>
  <datafield tag="776" ind1="0" ind2="8">
    <subfield code="i">Online version:</subfield>
    <subfield code="a">Herrold, Catherine.</subfield>
    <subfield code="t">Delta democracy.</subfield>
    <subfield code="d">New York, NY : Oxford University Press, [2020]</subfield>
    <subfield code="z">9780190093259</subfield>
    <subfield code="w">(DLC)  2019041566</subfield>
  </datafield>
  <datafield tag="985" ind1=" " ind2=" ">
    <subfield code="a">LBSORCIP</subfield>
    <subfield code="d">2020-01-20</subfield>
  </datafield>
</record>