
<record>
  <leader>04973nam a22004098i 4500</leader>
  <controlfield tag="001">21350054</controlfield>
  <controlfield tag="005">20200102194330.0</controlfield>
  <controlfield tag="008">191220s2020    nyu      b    001 0 eng  </controlfield>
  <datafield tag="906" ind1=" " ind2=" ">
    <subfield code="a">0</subfield>
    <subfield code="b">ibc</subfield>
    <subfield code="c">orignew</subfield>
    <subfield code="d">1</subfield>
    <subfield code="e">ecip</subfield>
    <subfield code="f">20</subfield>
    <subfield code="g">y-gencatlg</subfield>
  </datafield>
  <datafield tag="925" ind1="0" ind2=" ">
    <subfield code="a">acquire</subfield>
    <subfield code="b">1 shelf copy</subfield>
    <subfield code="x">policy default</subfield>
  </datafield>
  <datafield tag="955" ind1=" " ind2=" ">
    <subfield code="b">LBSOR 2020-01-20</subfield>
  </datafield>
  <datafield tag="010" ind1=" " ind2=" ">
    <subfield code="a">  2019042331</subfield>
  </datafield>
  <datafield tag="020" ind1=" " ind2=" ">
    <subfield code="a">9781138389939</subfield>
    <subfield code="q">(hardback)</subfield>
  </datafield>
  <datafield tag="020" ind1=" " ind2=" ">
    <subfield code="a">9781138389946</subfield>
    <subfield code="q">(paperback)</subfield>
  </datafield>
  <datafield tag="020" ind1=" " ind2=" ">
    <subfield code="z">9780429423635</subfield>
    <subfield code="q">(ebook)</subfield>
  </datafield>
  <datafield tag="040" ind1=" " ind2=" ">
    <subfield code="a">LBSOR/DLC</subfield>
    <subfield code="b">eng</subfield>
    <subfield code="e">rda</subfield>
    <subfield code="c">DLC</subfield>
  </datafield>
  <datafield tag="042" ind1=" " ind2=" ">
    <subfield code="a">pcc</subfield>
  </datafield>
  <datafield tag="050" ind1="0" ind2="0">
    <subfield code="a">LB1066</subfield>
  </datafield>
  <datafield tag="245" ind1="0" ind2="0">
    <subfield code="a">Handbook of strategies and strategic processing /</subfield>
    <subfield code="c">edited by Daniel L. Dinsmore, Luke K. Fryer, and Meghan M. Parkinson.</subfield>
  </datafield>
  <datafield tag="263" ind1=" " ind2=" ">
    <subfield code="a">2004</subfield>
  </datafield>
  <datafield tag="264" ind1=" " ind2="1">
    <subfield code="a">New York, NY :</subfield>
    <subfield code="b">Routledge,</subfield>
    <subfield code="c">2020.</subfield>
  </datafield>
  <datafield tag="300" ind1=" " ind2=" ">
    <subfield code="a">pages cm.</subfield>
  </datafield>
  <datafield tag="336" ind1=" " ind2=" ">
    <subfield code="a">text</subfield>
    <subfield code="b">txt</subfield>
    <subfield code="2">rdacontent</subfield>
  </datafield>
  <datafield tag="337" ind1=" " ind2=" ">
    <subfield code="a">unmediated</subfield>
    <subfield code="b">n</subfield>
    <subfield code="2">rdamedia</subfield>
  </datafield>
  <datafield tag="338" ind1=" " ind2=" ">
    <subfield code="a">volume</subfield>
    <subfield code="b">nc</subfield>
    <subfield code="2">rdacarrier</subfield>
  </datafield>
  <datafield tag="490" ind1="0" ind2=" ">
    <subfield code="a">Educational psychology handbook series</subfield>
  </datafield>
  <datafield tag="504" ind1=" " ind2=" ">
    <subfield code="a">Includes bibliographical references and index.</subfield>
  </datafield>
  <datafield tag="505" ind1="0" ind2=" ">
    <subfield code="a">Introduction: What are strategies? / Daniel L. Dinsmore, Luke K. Fryer, and Meghan M. Parkinson -- Strategic processing within and across domains of learning / Denis Dumas -- Level of strategies and strategic processing / Daniel L. Dinsmore and Courtney Hattan -- A lifespan developmental perspective on strategic processing / Amélie Rogiers, Emmelien Merchie, Fien De Smedt, Liesje De Backer, and Hilde Van Keer -- Negotiating meaning and engagement : socially shared strategic processing / Deborah L. Butler and Leyton Schnellert -- Commentary: A conceptual framework for defining strategies and strategic processing / Peggy Van Meter and Jacqueline Campbell -- Reading comprehension strategy instruction / Peter Afflerbach, Matthew Hurt, and Byeong-Young Cho -- Six questions regarding strategy use when learning from multiple texts / Alexandra List -- Writing strategies interventions / Steve Graham, Gerardo Bañales, Silza Ahumada, Karen R. Harris, Pamela Muñoz, and Prisila Alvarez -- Mathematics strategy interventions / Kristie Newton -- Science strategy interventions / Doug Lombardi and Janelle M. Bailey -- Strategic processing in history and historical strategy instruction / Susan De La Paz and Jeff Nokes -- Interplay of strategic processes, executive functions, and autonomy support in students with individual differences / Ana Taboada Barber, Kelly B. Cartwright, and Susa Lutz Klauda -- Sharing the load : a strategy to improve self-regulated learning / Martine Baars, Lisette Wijnia, Anique de Bruin, and Fred Paas -- Commentary: An analysis of learning strategies in action / Philip H. Winne -- Surveys and retrospective self-reports to measure strategies and strategic processing / Jan D. Vermunt -- Concurrent and task-specific self-reports / Ivar Bråten, Joseph P. Magliano, and Ladislao Salmerón -- Exploring the utilization of the big data revolution as a methodology for exploring learning strategy in educational environments / Kimberly A. Lawless and Jeremy Riel -- Measuring processing strategies : perspectives for eye tracking and fMRI in multimethod designs / Leen Catrysse, David Gijbels, and Vincent Donche -- Commentary: Measuring strategic processing in concert : reflections and future directions / David Gijbels and Sofie Loyens -- Variable-centered approaches / Rebekah Freed, Jeffrey A. Greene, and Robert D. Plumley -- Person-centered approaches to explaining students&apos; cognitive processing strategies / Luke Fryer and Alex Shum -- Qualitative approaches to the verbal protocol analysis of strategic processing / Byeong-Young Cho, Lindsay Woodward, and Peter Afflerbach -- Commentary: Analyzing strategic processing : pros and cons of different methods / Jennifer G. Cromley -- The future of strategy theory, research, and implementation : roads less traveled / Patricia A. Alexander.</subfield>
  </datafield>
  <datafield tag="520" ind1=" " ind2=" ">
    <subfield code="a">&quot;Handbook of Strategies and Strategic Processing provides a state-of-the-art synthesis of conceptual, measurement, and analytical issues regarding learning strategies and strategic processing. Contributions by educational psychology experts present the clearest yet definition of this essential and quickly evolving component of numerous theoretical frameworks that operate across academic domains. This volume addresses the most current research and theory on the nature of strategies and performance, mechanisms for unearthing individuals&apos; strategic behaviors, and both long-established and emerging techniques for data analysis and interpretation&quot;--</subfield>
    <subfield code="c">Provided by publisher.</subfield>
  </datafield>
  <datafield tag="650" ind1=" " ind2="0">
    <subfield code="a">Learning strategies.</subfield>
  </datafield>
  <datafield tag="650" ind1=" " ind2="0">
    <subfield code="a">Cognitive learning theory.</subfield>
  </datafield>
  <datafield tag="650" ind1=" " ind2="0">
    <subfield code="a">Educational psychology</subfield>
    <subfield code="x">Research.</subfield>
  </datafield>
  <datafield tag="700" ind1="1" ind2=" ">
    <subfield code="a">Dinsmore, Daniel L.,</subfield>
    <subfield code="e">editor.</subfield>
  </datafield>
  <datafield tag="700" ind1="1" ind2=" ">
    <subfield code="a">Fryer, Luke K.,</subfield>
    <subfield code="e">editor.</subfield>
  </datafield>
  <datafield tag="700" ind1="1" ind2=" ">
    <subfield code="a">Parkinson, Meghan M.,</subfield>
    <subfield code="e">editor.</subfield>
  </datafield>
  <datafield tag="776" ind1="0" ind2="8">
    <subfield code="i">Online version:</subfield>
    <subfield code="t">Handbook of strategies and strategic processing.</subfield>
    <subfield code="d">New York, NY : Routledge, 2020</subfield>
    <subfield code="z">9780429423635</subfield>
    <subfield code="w">(DLC)  2019042332</subfield>
  </datafield>
  <datafield tag="985" ind1=" " ind2=" ">
    <subfield code="a">LBSORCIP</subfield>
    <subfield code="d">2020-01-20</subfield>
  </datafield>
</record>