
<record>
  <leader>02970nam a22003858i 4500</leader>
  <controlfield tag="001">21350072</controlfield>
  <controlfield tag="005">20200102205116.0</controlfield>
  <controlfield tag="008">191224s2020    enk      b    001 0 eng  </controlfield>
  <datafield tag="906" ind1=" " ind2=" ">
    <subfield code="a">0</subfield>
    <subfield code="b">ibc</subfield>
    <subfield code="c">orignew</subfield>
    <subfield code="d">1</subfield>
    <subfield code="e">ecip</subfield>
    <subfield code="f">20</subfield>
    <subfield code="g">y-gencatlg</subfield>
  </datafield>
  <datafield tag="925" ind1="0" ind2=" ">
    <subfield code="a">acquire</subfield>
    <subfield code="b">1 shelf copy</subfield>
    <subfield code="x">policy default</subfield>
  </datafield>
  <datafield tag="955" ind1=" " ind2=" ">
    <subfield code="b">LBSOR 2020-01-24</subfield>
  </datafield>
  <datafield tag="010" ind1=" " ind2=" ">
    <subfield code="a">  2019058476</subfield>
  </datafield>
  <datafield tag="020" ind1=" " ind2=" ">
    <subfield code="a">9781789975987</subfield>
    <subfield code="q">(hardback)</subfield>
  </datafield>
  <datafield tag="020" ind1=" " ind2=" ">
    <subfield code="z">9781789975994</subfield>
    <subfield code="q">(ebook)</subfield>
  </datafield>
  <datafield tag="020" ind1=" " ind2=" ">
    <subfield code="z">9781789976007</subfield>
    <subfield code="q">(epub)</subfield>
  </datafield>
  <datafield tag="020" ind1=" " ind2=" ">
    <subfield code="z">9781789976014</subfield>
    <subfield code="q">(mobi)</subfield>
  </datafield>
  <datafield tag="040" ind1=" " ind2=" ">
    <subfield code="a">LBSOR/DLC</subfield>
    <subfield code="b">eng</subfield>
    <subfield code="e">rda</subfield>
    <subfield code="c">DLC</subfield>
  </datafield>
  <datafield tag="042" ind1=" " ind2=" ">
    <subfield code="a">pcc</subfield>
  </datafield>
  <datafield tag="050" ind1="0" ind2="0">
    <subfield code="a">PR463</subfield>
  </datafield>
  <datafield tag="100" ind1="1" ind2=" ">
    <subfield code="a">Marucci, Franco,</subfield>
    <subfield code="d">1949-</subfield>
    <subfield code="e">author.</subfield>
  </datafield>
  <datafield tag="240" ind1="1" ind2="0">
    <subfield code="a">Essays.</subfield>
    <subfield code="k">Selections</subfield>
  </datafield>
  <datafield tag="245" ind1="1" ind2="0">
    <subfield code="a">Authors in dialogue :</subfield>
    <subfield code="b">comparative essays in nineteenth- and early twentieth-century English literature /</subfield>
    <subfield code="c">Franco Marucci.</subfield>
  </datafield>
  <datafield tag="263" ind1=" " ind2=" ">
    <subfield code="a">2004</subfield>
  </datafield>
  <datafield tag="264" ind1=" " ind2="1">
    <subfield code="a">Oxford ;</subfield>
    <subfield code="a">New York :</subfield>
    <subfield code="b">Peter Lang,</subfield>
    <subfield code="c">[2020]</subfield>
  </datafield>
  <datafield tag="300" ind1=" " ind2=" ">
    <subfield code="a">pages cm</subfield>
  </datafield>
  <datafield tag="336" ind1=" " ind2=" ">
    <subfield code="a">text</subfield>
    <subfield code="b">txt</subfield>
    <subfield code="2">rdacontent</subfield>
  </datafield>
  <datafield tag="337" ind1=" " ind2=" ">
    <subfield code="a">unmediated</subfield>
    <subfield code="b">n</subfield>
    <subfield code="2">rdamedia</subfield>
  </datafield>
  <datafield tag="338" ind1=" " ind2=" ">
    <subfield code="a">volume</subfield>
    <subfield code="b">nc</subfield>
    <subfield code="2">rdacarrier</subfield>
  </datafield>
  <datafield tag="504" ind1=" " ind2=" ">
    <subfield code="a">Includes bibliographical references and index.</subfield>
  </datafield>
  <datafield tag="505" ind1="0" ind2=" ">
    <subfield code="a">Morphology of the Donjuanesque remake -- Written landscape: Homer, Dante, Ruskin -- Rapt passivity : George Eliot&apos;s &apos;The lifted veil&apos; -- Romola on home ground -- Patterns of intermittence in Arnold&apos;s &apos;Dover Beach&apos; -- Arnold&apos;s biblical reductionism -- An ouida triptych -- A Victorian oxymoron : the &apos;mastering&apos; and &apos;Merciful god&apos; -- Did Hopkins believe in metempsychosis? -- T.S. Eliot, the melodramatic and armadale -- Joyce&apos;s Italian &apos;frenemy&apos; -- A neglected dialogue : Joyce and Giuseppe Giacosa.</subfield>
  </datafield>
  <datafield tag="520" ind1=" " ind2=" ">
    <subfield code="a">&quot;This book gathers together essays and papers written over a time span of around fifteen years. Partly retitled and revised, they were selected for the book because they all focus on the dialogic element in a series of literary works produced in the period extending from late Romanticism to early Modernism. By &apos;dialogic&apos;, the author means the sharing of common preoccupations, the recursiveness of motifs, themes and patterns, the emergence of constants, a network of explicit or hidden confrontations. Dialogues may then arise between an author and other contemporaries in the form of an explicit theoretical discussion in letters or critical essays; or implicitly, and allusively, in inventive negotiations that respond to previous works through parody or adaptation. After a concise introduction stating the author&apos;s theoretical debt to the insightful theories of the Russian semiotician and typologist Yuri Lotman, single essays discuss Byron, Ruskin, George Eliot, Matthew Arnold, Hopkins, Ouida, Joyce and T. S. Eliot&quot;--</subfield>
    <subfield code="c">Provided by publisher.</subfield>
  </datafield>
  <datafield tag="650" ind1=" " ind2="0">
    <subfield code="a">English literature</subfield>
    <subfield code="y">19th century</subfield>
    <subfield code="x">History and criticism.</subfield>
  </datafield>
  <datafield tag="650" ind1=" " ind2="0">
    <subfield code="a">English literature</subfield>
    <subfield code="y">20th century</subfield>
    <subfield code="x">History and criticism.</subfield>
  </datafield>
  <datafield tag="776" ind1="0" ind2="8">
    <subfield code="i">Online version:</subfield>
    <subfield code="a">Marucci, Franco, 1949-</subfield>
    <subfield code="t">Authors in dialogue.</subfield>
    <subfield code="d">Oxford ; New York : Peter Lang, [2020]</subfield>
    <subfield code="z">9781789975994</subfield>
    <subfield code="w">(DLC)  2019058477</subfield>
  </datafield>
  <datafield tag="985" ind1=" " ind2=" ">
    <subfield code="a">LBSORCIP</subfield>
    <subfield code="d">2020-01-24</subfield>
  </datafield>
</record>