
<record>
  <leader>03578nam a22004698i 4500</leader>
  <controlfield tag="001">21350073</controlfield>
  <controlfield tag="005">20200102205255.0</controlfield>
  <controlfield tag="008">191214s2020    enk      b    001 0 eng  </controlfield>
  <datafield tag="906" ind1=" " ind2=" ">
    <subfield code="a">0</subfield>
    <subfield code="b">ibc</subfield>
    <subfield code="c">orignew</subfield>
    <subfield code="d">1</subfield>
    <subfield code="e">ecip</subfield>
    <subfield code="f">20</subfield>
    <subfield code="g">y-gencatlg</subfield>
  </datafield>
  <datafield tag="925" ind1="0" ind2=" ">
    <subfield code="a">acquire</subfield>
    <subfield code="b">1 shelf copy</subfield>
    <subfield code="x">policy default</subfield>
  </datafield>
  <datafield tag="955" ind1=" " ind2=" ">
    <subfield code="b">LBSOR 2020-01-14</subfield>
  </datafield>
  <datafield tag="010" ind1=" " ind2=" ">
    <subfield code="a">  2019037512</subfield>
  </datafield>
  <datafield tag="020" ind1=" " ind2=" ">
    <subfield code="a">9781788927185</subfield>
    <subfield code="q">(hardback)</subfield>
  </datafield>
  <datafield tag="020" ind1=" " ind2=" ">
    <subfield code="a">9781788927178</subfield>
    <subfield code="q">(paperback)</subfield>
  </datafield>
  <datafield tag="020" ind1=" " ind2=" ">
    <subfield code="z">9781788927192</subfield>
    <subfield code="q">(pdf)</subfield>
  </datafield>
  <datafield tag="020" ind1=" " ind2=" ">
    <subfield code="z">9781788927208</subfield>
    <subfield code="q">(epub)</subfield>
  </datafield>
  <datafield tag="020" ind1=" " ind2=" ">
    <subfield code="z">9781788927215</subfield>
    <subfield code="q">(kindle edition)</subfield>
  </datafield>
  <datafield tag="040" ind1=" " ind2=" ">
    <subfield code="a">LBSOR/DLC</subfield>
    <subfield code="b">eng</subfield>
    <subfield code="e">rda</subfield>
    <subfield code="c">DLC</subfield>
  </datafield>
  <datafield tag="042" ind1=" " ind2=" ">
    <subfield code="a">pcc</subfield>
  </datafield>
  <datafield tag="043" ind1=" " ind2=" ">
    <subfield code="a">a-ja---</subfield>
  </datafield>
  <datafield tag="050" ind1="0" ind2="0">
    <subfield code="a">PE1068.J3</subfield>
  </datafield>
  <datafield tag="245" ind1="0" ind2="0">
    <subfield code="a">Duoethnography in English language teaching :</subfield>
    <subfield code="b">research, reflection and classroom application /</subfield>
    <subfield code="c">edited by Robert J. Lowe and Luke Lawrence.</subfield>
  </datafield>
  <datafield tag="263" ind1=" " ind2=" ">
    <subfield code="a">2003</subfield>
  </datafield>
  <datafield tag="264" ind1=" " ind2="1">
    <subfield code="a">Bristol ;</subfield>
    <subfield code="a">Blue Ridge Summit :</subfield>
    <subfield code="b">Multilingual Matters,</subfield>
    <subfield code="c">[2020]</subfield>
  </datafield>
  <datafield tag="300" ind1=" " ind2=" ">
    <subfield code="a">pages cm</subfield>
  </datafield>
  <datafield tag="336" ind1=" " ind2=" ">
    <subfield code="a">text</subfield>
    <subfield code="b">txt</subfield>
    <subfield code="2">rdacontent</subfield>
  </datafield>
  <datafield tag="337" ind1=" " ind2=" ">
    <subfield code="a">unmediated</subfield>
    <subfield code="b">n</subfield>
    <subfield code="2">rdamedia</subfield>
  </datafield>
  <datafield tag="338" ind1=" " ind2=" ">
    <subfield code="a">volume</subfield>
    <subfield code="b">nc</subfield>
    <subfield code="2">rdacarrier</subfield>
  </datafield>
  <datafield tag="504" ind1=" " ind2=" ">
    <subfield code="a">Includes bibliographical references and index.</subfield>
  </datafield>
  <datafield tag="505" ind1="0" ind2=" ">
    <subfield code="a">Foreword / by Richard D. Sawyer -- An introduction to duoethnography / Luke Lawrence &amp; Robert J. Lowe -- Not all eikaiwas (or instructors) are created equal : a trioethnography of &apos;native speaker&apos; and &apos;non-native speaker&apos; perspectives on English conversation schools in Japan / Daniel Hooper, Momoko Oka, &amp; Aya Yamazawa -- Critical ELT in Japan : a duoethnographic exploration of origins, identities, obstacles, and concerns / Yuzuko Nagashima &amp; Chris Hunter -- Personalisation and professionalism : managing the relationship between teacher and learner as people / Richard Pinner &amp; Ema Ushioda -- Professional development through duoethnography : reflecting on dialogues between an experienced and novice teacher / Ben Smart &amp; Charles Cook -- Puzzling about special educational needs in EFL teacher development : a duoethnographic inquiry / Nick Kasparek &amp; Matthew W. Turner -- Developing understandings of reflective practice and teacher training / Matthew Schaefer &amp; Peter Brereton -- Duoethnography in the language class / Robert J. Lowe &amp; Luke Lawrence -- Language development though duoethnographic peer interaction / Robert J. Lowe -- Collaboration and cohesion : using duoethnography to enhance group dynamics and pair relationship building in a university speaking class / Luke Lawrence -- Epilogue: New directions for duoethnography in ELT / Luke Lawrence &amp; Robert J. Lowe.</subfield>
  </datafield>
  <datafield tag="520" ind1=" " ind2=" ">
    <subfield code="a">&quot;This book sets out duoethnography as a method of research, reflective practice and a pedagogical approach in English Language Teaching (ELT). The chapters are a range of duoethnographies from established and emerging researchers and teachers, which explore the interplay between cultural discourses and life histories with a focus on ELT in Japan&quot;--</subfield>
    <subfield code="c">Provided by publisher.</subfield>
  </datafield>
  <datafield tag="650" ind1=" " ind2="0">
    <subfield code="a">English language</subfield>
    <subfield code="x">Study and teaching</subfield>
    <subfield code="z">Japan.</subfield>
  </datafield>
  <datafield tag="650" ind1=" " ind2="0">
    <subfield code="a">English language</subfield>
    <subfield code="x">Study and teaching</subfield>
    <subfield code="x">Foreign speakers.</subfield>
  </datafield>
  <datafield tag="650" ind1=" " ind2="0">
    <subfield code="a">Culturally relevant pedagogy.</subfield>
  </datafield>
  <datafield tag="650" ind1=" " ind2="0">
    <subfield code="a">English language</subfield>
    <subfield code="x">Study and teaching</subfield>
    <subfield code="x">Research</subfield>
    <subfield code="x">Methodology.</subfield>
  </datafield>
  <datafield tag="650" ind1=" " ind2="0">
    <subfield code="a">Narrative inquiry (Research method)</subfield>
  </datafield>
  <datafield tag="650" ind1=" " ind2="0">
    <subfield code="a">Qualitative research</subfield>
    <subfield code="x">Methodology.</subfield>
  </datafield>
  <datafield tag="650" ind1=" " ind2="0">
    <subfield code="a">Ethnology</subfield>
    <subfield code="x">Methodology.</subfield>
  </datafield>
  <datafield tag="700" ind1="1" ind2=" ">
    <subfield code="a">Lowe, Robert J.,</subfield>
    <subfield code="d">1986-</subfield>
    <subfield code="e">editor.</subfield>
  </datafield>
  <datafield tag="700" ind1="1" ind2=" ">
    <subfield code="a">Lawrence, Luke,</subfield>
    <subfield code="d">1976-</subfield>
    <subfield code="e">editor.</subfield>
  </datafield>
  <datafield tag="776" ind1="0" ind2="8">
    <subfield code="i">Online version:</subfield>
    <subfield code="t">Duoethnography in English language teaching.</subfield>
    <subfield code="d">Bristol ; Blue Ridge Summit : Multilingual Matters, [2020]</subfield>
    <subfield code="z">9781788927192</subfield>
    <subfield code="w">(DLC)  2019037513</subfield>
  </datafield>
  <datafield tag="985" ind1=" " ind2=" ">
    <subfield code="a">LBSORCIP</subfield>
    <subfield code="d">2020-01-14</subfield>
  </datafield>
</record>