
<record>
  <leader>07181nam a22004698i 4500</leader>
  <controlfield tag="001">21350074</controlfield>
  <controlfield tag="005">20200102205333.0</controlfield>
  <controlfield tag="008">191215s2020    enk      b    001 0 eng  </controlfield>
  <datafield tag="906" ind1=" " ind2=" ">
    <subfield code="a">0</subfield>
    <subfield code="b">ibc</subfield>
    <subfield code="c">orignew</subfield>
    <subfield code="d">1</subfield>
    <subfield code="e">ecip</subfield>
    <subfield code="f">20</subfield>
    <subfield code="g">y-gencatlg</subfield>
  </datafield>
  <datafield tag="925" ind1="0" ind2=" ">
    <subfield code="a">acquire</subfield>
    <subfield code="b">1 shelf copy</subfield>
    <subfield code="x">policy default</subfield>
  </datafield>
  <datafield tag="955" ind1=" " ind2=" ">
    <subfield code="b">LBSOR 2020-01-15</subfield>
  </datafield>
  <datafield tag="010" ind1=" " ind2=" ">
    <subfield code="a">  2019046968</subfield>
  </datafield>
  <datafield tag="020" ind1=" " ind2=" ">
    <subfield code="a">9780367148850</subfield>
    <subfield code="q">(hardback)</subfield>
  </datafield>
  <datafield tag="020" ind1=" " ind2=" ">
    <subfield code="a">9780367148867</subfield>
    <subfield code="q">(paperback)</subfield>
  </datafield>
  <datafield tag="020" ind1=" " ind2=" ">
    <subfield code="z">9780429053788</subfield>
    <subfield code="q">(ebook)</subfield>
  </datafield>
  <datafield tag="040" ind1=" " ind2=" ">
    <subfield code="a">LBSOR/DLC</subfield>
    <subfield code="b">eng</subfield>
    <subfield code="e">rda</subfield>
    <subfield code="c">DLC</subfield>
  </datafield>
  <datafield tag="042" ind1=" " ind2=" ">
    <subfield code="a">pcc</subfield>
  </datafield>
  <datafield tag="050" ind1="0" ind2="0">
    <subfield code="a">SB55</subfield>
  </datafield>
  <datafield tag="245" ind1="0" ind2="0">
    <subfield code="a">Agrobiodiversity, school gardens and healthy diets :</subfield>
    <subfield code="b">promoting biodiversity, food and sustainable nutrition /</subfield>
    <subfield code="c">edited by Danny Hunter, Emilita Monville Oro, Bessie Burgos, Carmen Nyhria Rogel, Blesilda Calub, Julian Gonsalves, and Nina Lauridsen.</subfield>
  </datafield>
  <datafield tag="263" ind1=" " ind2=" ">
    <subfield code="a">2004</subfield>
  </datafield>
  <datafield tag="264" ind1=" " ind2="1">
    <subfield code="a">Abingdon, Oxon ;</subfield>
    <subfield code="a">New York, NY :</subfield>
    <subfield code="b">Routledge,</subfield>
    <subfield code="c">2020.</subfield>
  </datafield>
  <datafield tag="300" ind1=" " ind2=" ">
    <subfield code="a">pages cm</subfield>
  </datafield>
  <datafield tag="336" ind1=" " ind2=" ">
    <subfield code="a">text</subfield>
    <subfield code="b">txt</subfield>
    <subfield code="2">rdacontent</subfield>
  </datafield>
  <datafield tag="337" ind1=" " ind2=" ">
    <subfield code="a">unmediated</subfield>
    <subfield code="b">n</subfield>
    <subfield code="2">rdamedia</subfield>
  </datafield>
  <datafield tag="338" ind1=" " ind2=" ">
    <subfield code="a">volume</subfield>
    <subfield code="b">nc</subfield>
    <subfield code="2">rdacarrier</subfield>
  </datafield>
  <datafield tag="504" ind1=" " ind2=" ">
    <subfield code="a">Includes bibliographical references and index.</subfield>
  </datafield>
  <datafield tag="505" ind1="0" ind2=" ">
    <subfield code="a">School gardens : multiple functions and multiple outcomes / Julian Gonsalves, Danny Hunter, Nina Lauridsen -- Schools as a system to improve nutrition / Stineke Oenema, Lesley Drake, Kaia Engesveen, Andrea Polo Galante, Danny Hunter, David Ryckembusch, Luana Swensson, Florence Tartanac -- Strategies in integrating food and nutrition in the primary school curriculum / Maria Theresa M. Talavera, Aileen R. De Juras -- Linking school gardens, school feeding and nutrition education in the Philippines / Emilita Monville-Oro, Imelda Angeles-Agdeppa, Irish P. Baguilat, Julian F. Gonsalves, Mario V. Capanzana -- School gardens in Nepal : design, piloting and scaling / Dhruba Raj Bhattarai, Pepijn Schreinemachers -- Trees nurture nutrition : an insight on how to integrate locally available tree food and crop species in school gardens / Stepha Mcmullin, Barbara Stadlmayr, Erick Ngethe, Brendah Wekesa, Ken Njogu, Agnes Gachuiri, Ben Mbaya, Agnes Katiwa, Ramni Jamnadass -- The role of school gardens as conservation networks for tree genetic resources / Francesca Grazioli, Muhabbat Turdieva, Chris J. Kettle -- The impact of school gardens on nutrition outcomes in low-income countries / Pepijn Schreinemachers, Ray-Yu Yang, Dhruba Raj Bhattaraj, Bal Bdr Rai, Mamounata Sandaogo Ouedraogo -- Parent engagement in sustaining the nutritional gains from school-plus-home gardens and school-based feeding programs in the Philippines : the Case of Laguna Province / Blesilda M. Calub, Leila S. Africa, Bessie M. Burgos -- Scaling up the integrated school nutrition model in the Philippines : experiences and Lessons Learned / Emilita Monville-Oro, Imelda Angeles-Agdeppa, Irish P. Baguilat, Julian F. Gonsalves, Mario V. Capanzana -- The Stephanie Alexander Kitchen Garden Foundation / Stephanie Alexander Kitchen Garden Foundation -- Reviving local food systems In Hawai&apos;I / Nancy Redfeather, Elizabeth Cole -- Food plant solutions : school gardens in Vietnam / Karalyn Hingston, Natalie Ching -- Preserving local cultural heritage through capacity building for girls in the Moroccan High Atlas / Pommelien Da Silva Cosme -- Learning gardens cultivating health and wellbeing : stories from Australia / Peter Dawe, Anthea Fawcett, Torres Webb -- African leafy vegetables go back to school : farm to school networks embrace biodiversity for food and nutrition in Kenya / Aurillia Manjella, Alessandra Grasso, Victor Wasike -- Grow to learn : learning gardens for Syrian children and youth in Lebanon / Nina Lauridsen -- School gardens (māra); todays&apos; learning spaces for Māori / Nick Roskruge -- Intergenerational transfer of knowledge and mindset change through school gardens among indigenous children in Meghalaya, North East India / Melari Shisha Nongrum -- Laboratorios para la Vida : action research for agroecological scaling through food- and gardenbased education / Bruce G. Ferguson, Helda Morales -- Agrobiodiversity education : the inclusion of agrobiodiversity in primary school curricula in Xiengkhouang Province, Lao PDR / Chinda Milayvong, Kevin Kamp, Manivanh Aliyavong -- Katakin kōṃṃan jikin kallib ilo jikuul : Republic of the Marshall Islands school learning gardens program / Koh Ming Wei, Samuel Bikajle -- Where the wild things are / Ayfer Tan, Neşe Adanacioğlu, Saadet Tuğrul Ay, Malek Batal, Hala Ghattas, Salma Talhouk -- Slow Foods 10,000 gardens : cultivating the future of Africa / Reguli Damas Marandu, John Kariuki Mwangi, Samson Kiiru Ngugi, Edward Mukiibi -- The integration of food biodiversity in school curricula through school gardens and gastronomy in Brazil / Ana Rosa Domingues Dos Santos, Nádia Lúcia Almeida Nunes, Alessandra Santos Dos Santos, Camila Neves Soares Oliveira, Lídio Coradin, Daniela Moura De Oliveira Beltrame, Neio Lúcio De Oliveira Campos.</subfield>
  </datafield>
  <datafield tag="520" ind1=" " ind2=" ">
    <subfield code="a">&quot;This book critically assesses the role of agrobiodiversity in school gardens and its contribution to diversifying diets, promoting healthy eating habits and improving nutrition among schoolchildren as well as other benefits relating to climate change adaptation, ecoliteracy and greening school spaces. Many schoolchildren suffer from various forms of malnutrition and it is important to address their nutritional status given the effects it has on their health, cognition, and subsequently their educational achievement. Schools are recognized as excellent platforms for promoting lifelong healthy eating and improving long-term, sustainable nutrition security required for optimum educational outcomes. This book reveals the multiple benefits of school gardens for improving nutrition and education for children and their families. It examines issues such as school feeding, community food production, school gardening, nutritional education and the promotion of agrobiodiversity, and draws on international cases studies, from both developed and developing nations, to provide a comprehensive global assessment. This book will be essential reading for those interested in promoting agrobiodiversity, sustainable nutrition and healthy eating habits in schools and public institutions more generally. It identifies recurring and emerging issues, establishes best practices, identifies key criteria for success and advises on strategies for scaling up and scaling out elements to improve the uptake of school gardens&quot;--</subfield>
    <subfield code="c">Provided by publisher.</subfield>
  </datafield>
  <datafield tag="650" ind1=" " ind2="0">
    <subfield code="a">School gardens</subfield>
    <subfield code="v">Case studies.</subfield>
  </datafield>
  <datafield tag="650" ind1=" " ind2="0">
    <subfield code="a">Agrobiodiversity.</subfield>
  </datafield>
  <datafield tag="650" ind1=" " ind2="0">
    <subfield code="a">School children</subfield>
    <subfield code="x">Food.</subfield>
  </datafield>
  <datafield tag="650" ind1=" " ind2="0">
    <subfield code="a">Children</subfield>
    <subfield code="x">Nutrition.</subfield>
  </datafield>
  <datafield tag="650" ind1=" " ind2="0">
    <subfield code="a">Sustainable agriculture.</subfield>
  </datafield>
  <datafield tag="700" ind1="1" ind2=" ">
    <subfield code="a">Hunter, Danny,</subfield>
    <subfield code="e">editor.</subfield>
  </datafield>
  <datafield tag="700" ind1="1" ind2=" ">
    <subfield code="a">Ora, Emilita Monville,</subfield>
    <subfield code="e">editor.</subfield>
  </datafield>
  <datafield tag="700" ind1="1" ind2=" ">
    <subfield code="a">Burgos, Bessie,</subfield>
    <subfield code="e">editor.</subfield>
  </datafield>
  <datafield tag="700" ind1="1" ind2=" ">
    <subfield code="a">Rogel, Carmen Nyhria,</subfield>
    <subfield code="e">editor.</subfield>
  </datafield>
  <datafield tag="700" ind1="1" ind2=" ">
    <subfield code="a">Calub, Blesilda,</subfield>
    <subfield code="e">editor.</subfield>
  </datafield>
  <datafield tag="700" ind1="1" ind2=" ">
    <subfield code="a">Gonsalves, Julian F.,</subfield>
    <subfield code="d">1949-</subfield>
    <subfield code="e">editor.</subfield>
  </datafield>
  <datafield tag="700" ind1="1" ind2=" ">
    <subfield code="a">Lauridsen, Nina,</subfield>
    <subfield code="e">editor.</subfield>
  </datafield>
  <datafield tag="776" ind1="0" ind2="8">
    <subfield code="i">Online version:</subfield>
    <subfield code="t">Agrobiodiversity, school gardens and healthy diets.</subfield>
    <subfield code="d">Abingdon, Oxon ; New York, NY : Routledge, 2020.</subfield>
    <subfield code="z">9780429053788</subfield>
    <subfield code="w">(DLC)  2019046969</subfield>
  </datafield>
  <datafield tag="985" ind1=" " ind2=" ">
    <subfield code="a">LBSORCIP</subfield>
    <subfield code="d">2020-01-15</subfield>
  </datafield>
</record>