
<record>
  <leader>03062nam a22004218i 4500</leader>
  <controlfield tag="001">21350075</controlfield>
  <controlfield tag="005">20200102205409.0</controlfield>
  <controlfield tag="008">191227s2020    pau      b    001 0 eng  </controlfield>
  <datafield tag="906" ind1=" " ind2=" ">
    <subfield code="a">0</subfield>
    <subfield code="b">ibc</subfield>
    <subfield code="c">orignew</subfield>
    <subfield code="d">1</subfield>
    <subfield code="e">ecip</subfield>
    <subfield code="f">20</subfield>
    <subfield code="g">y-gencatlg</subfield>
  </datafield>
  <datafield tag="925" ind1="0" ind2=" ">
    <subfield code="a">acquire</subfield>
    <subfield code="b">1 shelf copy</subfield>
    <subfield code="x">policy default</subfield>
  </datafield>
  <datafield tag="955" ind1=" " ind2=" ">
    <subfield code="b">LBSOR 2020-01-27</subfield>
  </datafield>
  <datafield tag="010" ind1=" " ind2=" ">
    <subfield code="a">  2019037697</subfield>
  </datafield>
  <datafield tag="020" ind1=" " ind2=" ">
    <subfield code="a">9781799821977</subfield>
    <subfield code="q">(hardcover)</subfield>
  </datafield>
  <datafield tag="020" ind1=" " ind2=" ">
    <subfield code="a">9781799821984</subfield>
    <subfield code="q">(paperback)</subfield>
  </datafield>
  <datafield tag="020" ind1=" " ind2=" ">
    <subfield code="z">9781799821991</subfield>
    <subfield code="q">(ebook)</subfield>
  </datafield>
  <datafield tag="040" ind1=" " ind2=" ">
    <subfield code="a">LBSOR/DLC</subfield>
    <subfield code="b">eng</subfield>
    <subfield code="e">rda</subfield>
    <subfield code="c">DLC</subfield>
  </datafield>
  <datafield tag="042" ind1=" " ind2=" ">
    <subfield code="a">pcc</subfield>
  </datafield>
  <datafield tag="050" ind1="0" ind2="0">
    <subfield code="a">RC961.5</subfield>
  </datafield>
  <datafield tag="245" ind1="0" ind2="0">
    <subfield code="a">Climate change and anthropogenic impacts on neglected tropical diseases /</subfield>
    <subfield code="c">Ahmed Karmaoui, Abdelkrim Ben Salem, and Ashfaq Ahmed Shah, editors.</subfield>
  </datafield>
  <datafield tag="263" ind1=" " ind2=" ">
    <subfield code="a">2001</subfield>
  </datafield>
  <datafield tag="264" ind1=" " ind2="1">
    <subfield code="a">Hershey, PA :</subfield>
    <subfield code="b">Engineering Science Reference,</subfield>
    <subfield code="c">[2020]</subfield>
  </datafield>
  <datafield tag="300" ind1=" " ind2=" ">
    <subfield code="a">pages cm</subfield>
  </datafield>
  <datafield tag="336" ind1=" " ind2=" ">
    <subfield code="a">text</subfield>
    <subfield code="b">txt</subfield>
    <subfield code="2">rdacontent</subfield>
  </datafield>
  <datafield tag="337" ind1=" " ind2=" ">
    <subfield code="a">unmediated</subfield>
    <subfield code="b">n</subfield>
    <subfield code="2">rdamedia</subfield>
  </datafield>
  <datafield tag="338" ind1=" " ind2=" ">
    <subfield code="a">volume</subfield>
    <subfield code="b">nc</subfield>
    <subfield code="2">rdacarrier</subfield>
  </datafield>
  <datafield tag="504" ind1=" " ind2=" ">
    <subfield code="a">Includes bibliographical references and index.</subfield>
  </datafield>
  <datafield tag="505" ind1="0" ind2=" ">
    <subfield code="a">Maternal determinants of childhood stunting : the case of Pakistan / Sarin Ishaque, Junaid Ul Mulk, Ume Salama Rizwan, Muhammad Ali, Ashfaq Shah -- Climate variability and the dynamics of malaria occurrences in South East Nigeria (2009-2018) / Ifeoma Uzoma -- Network modelling on tropical diseases vs. climate change : network modelling / Udhaya Sankar G., Ganesa Moorthy C. -- Seasonal distribution of Phlebotomus papatasi, vector of zoonotic cutaneous leishmaniasis / Ahmed Karmaoui -- Strongyloideasis : biology, diagnosis and management of a most neglected tropical disease / Junaid Malik -- Perception of the oasis young people toward zoonotic cutaneous leishmaniasis disease, Morocco / Ahmed Karmaoui -- Climate change and diseases of plants and animals--a study in home gardens of West Bengal, India / Sebak K. Jana -- Climate change and stygoafauna mapping in the Tafilalet region / Asma El Alami El filali, Abdelkrim Ben Salem, Mohamed Messouli -- Health and environment : understanding the connection / Srijan Goswami -- Public health in the context of climate change : waterborne diseases perspective / Rehab A. Rayan.</subfield>
  </datafield>
  <datafield tag="520" ind1=" " ind2=" ">
    <subfield code="a">&quot;This book provides vital research on the association of environmental pollutants and global warming with viruses in tropical regions. It also explores the developments and trends in these areas of medicine and ecology, as well as prevention strategies to be used for educational and sensitization purposes&quot;--</subfield>
    <subfield code="c">Provided by publisher.</subfield>
  </datafield>
  <datafield tag="650" ind1=" " ind2="0">
    <subfield code="a">Tropical medicine.</subfield>
  </datafield>
  <datafield tag="650" ind1=" " ind2="0">
    <subfield code="a">Medical climatology.</subfield>
  </datafield>
  <datafield tag="650" ind1=" " ind2="0">
    <subfield code="a">Climatic changes</subfield>
    <subfield code="x">Health aspects.</subfield>
  </datafield>
  <datafield tag="650" ind1=" " ind2="0">
    <subfield code="a">Environmental health.</subfield>
  </datafield>
  <datafield tag="650" ind1=" " ind2="0">
    <subfield code="a">Human beings</subfield>
    <subfield code="x">Effect of climate on.</subfield>
  </datafield>
  <datafield tag="700" ind1="1" ind2=" ">
    <subfield code="a">Karmaoui, Ahmed,</subfield>
    <subfield code="d">1982-</subfield>
    <subfield code="e">editor.</subfield>
  </datafield>
  <datafield tag="700" ind1="1" ind2=" ">
    <subfield code="a">Ben Salem, Abdelkrim,</subfield>
    <subfield code="d">1981-</subfield>
    <subfield code="e">editor.</subfield>
  </datafield>
  <datafield tag="700" ind1="1" ind2=" ">
    <subfield code="a">Shah, Ashfaq Ahmed,</subfield>
    <subfield code="d">1986-</subfield>
    <subfield code="e">editor.</subfield>
  </datafield>
  <datafield tag="776" ind1="0" ind2="8">
    <subfield code="i">Online version:</subfield>
    <subfield code="t">Climate change and anthropogenic impacts on neglected tropical diseases.</subfield>
    <subfield code="d">Hershey, PA : Engineering Science Reference, [2020]</subfield>
    <subfield code="z">9781799821991</subfield>
    <subfield code="w">(DLC)  2019037698</subfield>
  </datafield>
  <datafield tag="985" ind1=" " ind2=" ">
    <subfield code="a">LBSORCIP</subfield>
    <subfield code="d">2020-01-27</subfield>
  </datafield>
</record>