
<record>
  <leader>04796nam a22004098i 4500</leader>
  <controlfield tag="001">21350078</controlfield>
  <controlfield tag="005">20200102205540.0</controlfield>
  <controlfield tag="008">191220s2020    nju      b    000 0deng  </controlfield>
  <datafield tag="906" ind1=" " ind2=" ">
    <subfield code="a">0</subfield>
    <subfield code="b">ibc</subfield>
    <subfield code="c">orignew</subfield>
    <subfield code="d">1</subfield>
    <subfield code="e">ecip</subfield>
    <subfield code="f">20</subfield>
    <subfield code="g">y-gencatlg</subfield>
  </datafield>
  <datafield tag="925" ind1="0" ind2=" ">
    <subfield code="a">acquire</subfield>
    <subfield code="b">1 shelf copy</subfield>
    <subfield code="x">policy default</subfield>
  </datafield>
  <datafield tag="955" ind1=" " ind2=" ">
    <subfield code="b">LBSOR 2020-01-20</subfield>
  </datafield>
  <datafield tag="010" ind1=" " ind2=" ">
    <subfield code="a">  2019044511</subfield>
  </datafield>
  <datafield tag="020" ind1=" " ind2=" ">
    <subfield code="a">9789811213434</subfield>
    <subfield code="q">(hardcover)</subfield>
  </datafield>
  <datafield tag="020" ind1=" " ind2=" ">
    <subfield code="z">9789811213441</subfield>
    <subfield code="q">(ebook)</subfield>
  </datafield>
  <datafield tag="040" ind1=" " ind2=" ">
    <subfield code="a">LBSOR/DLC</subfield>
    <subfield code="b">eng</subfield>
    <subfield code="e">rda</subfield>
    <subfield code="c">DLC</subfield>
  </datafield>
  <datafield tag="042" ind1=" " ind2=" ">
    <subfield code="a">pcc</subfield>
  </datafield>
  <datafield tag="043" ind1=" " ind2=" ">
    <subfield code="a">e-it---</subfield>
  </datafield>
  <datafield tag="050" ind1="0" ind2="0">
    <subfield code="a">QC16.R33</subfield>
  </datafield>
  <datafield tag="245" ind1="0" ind2="0">
    <subfield code="a">Tullio Regge :</subfield>
    <subfield code="b">an eclectic genius : from quantum gravity to computer play /</subfield>
    <subfield code="c">editors, Leonardo Castellani, Anna Ceresole, Riccardo D&apos;Auria, Pietro Fré.</subfield>
  </datafield>
  <datafield tag="263" ind1=" " ind2=" ">
    <subfield code="a">1912</subfield>
  </datafield>
  <datafield tag="264" ind1=" " ind2="1">
    <subfield code="a">Hackensack, New Jersey :</subfield>
    <subfield code="b">World Scientific,</subfield>
    <subfield code="c">[2020]</subfield>
  </datafield>
  <datafield tag="300" ind1=" " ind2=" ">
    <subfield code="a">pages cm</subfield>
  </datafield>
  <datafield tag="336" ind1=" " ind2=" ">
    <subfield code="a">text</subfield>
    <subfield code="b">txt</subfield>
    <subfield code="2">rdacontent</subfield>
  </datafield>
  <datafield tag="337" ind1=" " ind2=" ">
    <subfield code="a">unmediated</subfield>
    <subfield code="b">n</subfield>
    <subfield code="2">rdamedia</subfield>
  </datafield>
  <datafield tag="338" ind1=" " ind2=" ">
    <subfield code="a">volume</subfield>
    <subfield code="b">nc</subfield>
    <subfield code="2">rdacarrier</subfield>
  </datafield>
  <datafield tag="504" ind1=" " ind2=" ">
    <subfield code="a">Includes bibliographical references.</subfield>
  </datafield>
  <datafield tag="505" ind1="0" ind2=" ">
    <subfield code="a">Introduction to Regge and Wheeler &quot;Stability of a Schwarzschild singularity&quot; / Kip S. Thorne -- Stability of a Schwarzschild singularity / Tullio Regge and John A. Wheeler -- Regge poles and their unexpected offsprings / Gabriele Veneziano -- The long road from Regge poles to the LHC / V. Del Duca and L. Magnea -- Introduction to complex orbital momenta / Tullio Regge -- Bound states, shadow states and mandelstam representation / Tullio Regge -- S-matrix and Feynman amplitudes / Giampiero Passarino -- Old problems and new hopes in S-matrix theory / Tullio Regge -- The Ponzano-Regge model / Annalisa Marzuoli -- Semiclassical limit of Racah coefficients / G. Ponzano and T. Regge -- Simplicial gravity with coordinates / A. D&apos;Adda -- General relativity without coordinates / T. Regge -- Regge-Teitelboim analysis of the symmetries of electromagnetic and gravitational fields on asymptotically null spacelike surfaces / C. Bunster, A. Gomberoff and A. Perez -- Role of surface integrals in the Hamiltonian formulation of general relativity / Tullio Regge and Claudio Teitelboim -- Quantum vortices, quantum knots : intertwining physics, topology and algebra / Mario Rasetti -- Unified approach to strings and vortices with soliton solutions / Fernando Lund and Tullio Regge -- Geometric supergravity / R. D&apos;Auria -- Integrating supergravity / Leonardo Castellani -- Gauge theory of gravity and supergravity on a group manifold / Yuval Ne&apos;eman and Tullio Regge -- Gravity and supergravity as gauge theories on a group manifold / Yuval Ne&apos;eman and Tullio Regge -- 2+1 dimensional gravity / J.E. Nelson -- Homotopy groups and (2+1)-dimensional quantum de Sitter gravity / J.E. Nelson, T. Regge and F. Zertuche -- (2+1) quantum gravity / J.E. Nelson and T. Regge -- Introduction to the paper &quot;Duality group for Calabi-Yau two-moduli space&quot; / A. Ceresole and R. D&apos;Auria -- Duality group for Calabi-Yau two-moduli space / Anna Ceresole, Riccardo D&apos;Auria and Tullio Regge -- Tullio Regge&apos;s legacy : Regge calculus and discrete (quantum) gravity / J.W. Barrett, D. Oriti and Ruth M. Williams -- Discrete structures in gravity / Tullio Regge and Ruth M. Williams -- Regge multimedial science populariser / Piero Bianucci -- Regge&apos;s cartoon physics / Federico Tibone -- Tullio Regge : his imprint on science popularization in Italy / G. Peruzzi -- Some reminiscences about Tullio Regge / Sergio Ferrara -- Tullio Regge from a son&apos;s perspective / Daniele Regg.</subfield>
  </datafield>
  <datafield tag="520" ind1=" " ind2=" ">
    <subfield code="a">&quot;This volume of original articles, collected papers and commentaries by contemporary scholars illustrates the work of Tullio Regge, a giant in the panorama of theoretical physics of the second half of the 20th century, probably the most influential Italian physicist after Enrico Fermi. His brilliant contributions to quantum theory and to general relativity have marked significant turning points in the development of scientific knowledge: Regge poles, Regge behaviour, Regge calculus and his geometric approach to general relativity and its extensions, continuing to have a profound impact on the work of the large theoretical community today. Moreover, his public engagement for the dissemination of scientific culture, his mastering of multimedia technology for outreach and play, and his support for important social causes such as the fight against pseudosciences and the rights of the disabled make him a charismatic character across time, space and disciplines&quot;--</subfield>
    <subfield code="c">Provided by publisher.</subfield>
  </datafield>
  <datafield tag="600" ind1="1" ind2="0">
    <subfield code="a">Regge, Tullio.</subfield>
  </datafield>
  <datafield tag="650" ind1=" " ind2="0">
    <subfield code="a">Physicists</subfield>
    <subfield code="z">Italy</subfield>
    <subfield code="v">Biography.</subfield>
  </datafield>
  <datafield tag="650" ind1=" " ind2="0">
    <subfield code="a">Regge trajectories.</subfield>
  </datafield>
  <datafield tag="650" ind1=" " ind2="0">
    <subfield code="a">Mathematical physics.</subfield>
  </datafield>
  <datafield tag="700" ind1="1" ind2=" ">
    <subfield code="a">Castellani, Leonardo,</subfield>
    <subfield code="e">editor.</subfield>
  </datafield>
  <datafield tag="700" ind1="1" ind2=" ">
    <subfield code="a">Ceresole, A.</subfield>
    <subfield code="q">(Anna),</subfield>
    <subfield code="d">1961-</subfield>
    <subfield code="e">editor.</subfield>
  </datafield>
  <datafield tag="700" ind1="1" ind2=" ">
    <subfield code="a">D&apos;Auria, R.,</subfield>
    <subfield code="e">editor.</subfield>
  </datafield>
  <datafield tag="700" ind1="1" ind2=" ">
    <subfield code="a">Frè, P.,</subfield>
    <subfield code="e">editor.</subfield>
  </datafield>
  <datafield tag="985" ind1=" " ind2=" ">
    <subfield code="a">LBSORCIP</subfield>
    <subfield code="d">2020-01-20</subfield>
  </datafield>
</record>