
<record>
  <leader>04089nam a22003858i 4500</leader>
  <controlfield tag="001">21350079</controlfield>
  <controlfield tag="005">20200102205614.0</controlfield>
  <controlfield tag="008">191220s2019    nju      b    110 0deng  </controlfield>
  <datafield tag="906" ind1=" " ind2=" ">
    <subfield code="a">0</subfield>
    <subfield code="b">ibc</subfield>
    <subfield code="c">orignew</subfield>
    <subfield code="d">1</subfield>
    <subfield code="e">ecip</subfield>
    <subfield code="f">20</subfield>
    <subfield code="g">y-gencatlg</subfield>
  </datafield>
  <datafield tag="925" ind1="0" ind2=" ">
    <subfield code="a">acquire</subfield>
    <subfield code="b">1 shelf copy</subfield>
    <subfield code="x">policy default</subfield>
  </datafield>
  <datafield tag="955" ind1=" " ind2=" ">
    <subfield code="b">LBSOR 2020-01-20</subfield>
  </datafield>
  <datafield tag="010" ind1=" " ind2=" ">
    <subfield code="a">  2019045942</subfield>
  </datafield>
  <datafield tag="020" ind1=" " ind2=" ">
    <subfield code="a">9789811212130</subfield>
    <subfield code="q">(hardcover)</subfield>
  </datafield>
  <datafield tag="020" ind1=" " ind2=" ">
    <subfield code="z">9789811213144</subfield>
    <subfield code="q">(ebook)</subfield>
  </datafield>
  <datafield tag="040" ind1=" " ind2=" ">
    <subfield code="a">LBSOR/DLC</subfield>
    <subfield code="b">eng</subfield>
    <subfield code="e">rda</subfield>
    <subfield code="c">DLC</subfield>
  </datafield>
  <datafield tag="042" ind1=" " ind2=" ">
    <subfield code="a">pcc</subfield>
  </datafield>
  <datafield tag="043" ind1=" " ind2=" ">
    <subfield code="a">n-us---</subfield>
  </datafield>
  <datafield tag="050" ind1="0" ind2="0">
    <subfield code="a">QC16.S29</subfield>
  </datafield>
  <datafield tag="111" ind1="2" ind2=" ">
    <subfield code="a">Julian Schwinger Centennial Conference</subfield>
    <subfield code="d">(2018 :</subfield>
    <subfield code="c">National University of Singapore),</subfield>
    <subfield code="j">author.</subfield>
  </datafield>
  <datafield tag="245" ind1="1" ind2="0">
    <subfield code="a">Proceedings of the Julian Schwinger Centennial Conference, 7-12 February 2018, National University of Singapore /</subfield>
    <subfield code="c">editor, Berthold-Georg Englert.</subfield>
  </datafield>
  <datafield tag="263" ind1=" " ind2=" ">
    <subfield code="a">1912</subfield>
  </datafield>
  <datafield tag="264" ind1=" " ind2="1">
    <subfield code="a">New Jersey :</subfield>
    <subfield code="b">World Scientific,</subfield>
    <subfield code="c">[2020]</subfield>
  </datafield>
  <datafield tag="300" ind1=" " ind2=" ">
    <subfield code="a">pages cm</subfield>
  </datafield>
  <datafield tag="336" ind1=" " ind2=" ">
    <subfield code="a">text</subfield>
    <subfield code="b">txt</subfield>
    <subfield code="2">rdacontent</subfield>
  </datafield>
  <datafield tag="337" ind1=" " ind2=" ">
    <subfield code="a">unmediated</subfield>
    <subfield code="b">n</subfield>
    <subfield code="2">rdamedia</subfield>
  </datafield>
  <datafield tag="338" ind1=" " ind2=" ">
    <subfield code="a">volume</subfield>
    <subfield code="b">nc</subfield>
    <subfield code="2">rdacarrier</subfield>
  </datafield>
  <datafield tag="504" ind1=" " ind2=" ">
    <subfield code="a">Includes bibliographical references.</subfield>
  </datafield>
  <datafield tag="505" ind1="0" ind2=" ">
    <subfield code="a">The g factor of an electron in hydrogenlike carbon and the precision determination of the electron mass / Jonathan Sapirstein -- The magnetoelectric coupling in electrodynamics / A. Martı́n-Ruiz, M. Cambiaso and L.F. Urrutia -- Remarks on the Abraham-Minkowski problem, in relation to recent radiation pressure experiments / Iver Brevik -- Manifest non-locality in quantum mechanics, quantum field theory and quantum gravity / Laurent Freidel, Robert G. Leigh and Djordje Minic -- Unruh acceleration radiation revisited / J.S. Ben-Benjamin, M.O. Scully, S.A. Fulling, D.M. Lee, D.N. Page, A.A. Svidzinsky, M.S. Zubairy, M.J. Duff, R. Glauber, W.P. Schleich and W.G. Unruh -- Non-thermal fixed points : universal dynamics far from equilibrium / Christian-Marcel Schmied, Aleksandr N. Mikheev and Thomas Gasenzer -- Baryon isospin mass splittings / Lai-Him Chan -- Multiquark states in the Thomas−Fermi quark model and on the lattice / Walter Wilcox and Suman Baral -- Are dyons the preons of the knot model? / Robert J. Finkelstein -- The Schwinger−DeWitt proper time algorithm : a history / Steven M. Christensen -- From Julian to Jupiter : unanticipated outcomes / Margaret Kivelson -- Julian Schwinger--recollections from many decades / Stanley Deser -- Schwingerians / Charles Sommerfield -- Drell−Yan mechanism and its implications / Tung-Mow Yan -- My years with Julian Schwinger : from source theory through sonoluminescence / Kimball A. Milton -- The statistical atom / Julian Schwinger and Berthold-Georg Englert -- Julian Schwinger and the semiclassical atom / Berthold-Georg Englert -- Fond memories of Julian and Clarice, especially involving Moshe Flato and Noriko Sakurai / Daniel Sternheimer -- Speeches by V.F. Weisskopf, J.H. Van Vleck, I.I. Rabi, M. Hamermesh, B.T. Feld, R.P. Feynman, and D. Saxon, given in honor of Julian Schwinger at his 60th birthday / Berthold-Georg Englert and Kimball A. Milton.</subfield>
  </datafield>
  <datafield tag="520" ind1=" " ind2=" ">
    <subfield code="a">&quot;This proceedings volume collects talks delivered at the Julian Schwinger Centennial Conference (7-12 February 2018), which was attended by many of Julian Schwinger&apos;s students, colleagues, and friends to celebrate this towering figure of twentieth century physics one hundred years after his birth. The collected articles cover a wide range of topics, all related to Schwinger&apos;s rich scientific legacy --- supplemented by personal recollections about Julian Schwinger, the physicist, the teacher, and the gentleman. Also included are an essay of 1985, co-authored by Schwinger but not published previously, as well as the transcripts of speeches by distinguished colleagues at the 1978 gathering when Schwinger&apos;s sixtieth birthday was celebrated&quot;--</subfield>
    <subfield code="c">Provided by publisher.</subfield>
  </datafield>
  <datafield tag="600" ind1="1" ind2="0">
    <subfield code="a">Schwinger, Julian,</subfield>
    <subfield code="d">1918-1994</subfield>
    <subfield code="v">Congresses.</subfield>
  </datafield>
  <datafield tag="650" ind1=" " ind2="0">
    <subfield code="a">Quantum electrodynamics</subfield>
    <subfield code="v">Congresses.</subfield>
  </datafield>
  <datafield tag="650" ind1=" " ind2="0">
    <subfield code="a">Physicists</subfield>
    <subfield code="z">United States</subfield>
    <subfield code="v">Biography.</subfield>
  </datafield>
  <datafield tag="700" ind1="1" ind2=" ">
    <subfield code="a">Schwinger, Julian,</subfield>
    <subfield code="d">1918-1994,</subfield>
    <subfield code="e">honoree.</subfield>
  </datafield>
  <datafield tag="700" ind1="1" ind2=" ">
    <subfield code="a">Englert, Berthold-Georg,</subfield>
    <subfield code="d">1953-</subfield>
    <subfield code="e">editor.</subfield>
  </datafield>
  <datafield tag="985" ind1=" " ind2=" ">
    <subfield code="a">LBSORCIP</subfield>
    <subfield code="d">2020-01-20</subfield>
  </datafield>
</record>