
<record>
  <leader>02314nam a22003258i 4500</leader>
  <controlfield tag="001">21350081</controlfield>
  <controlfield tag="005">20200102205817.0</controlfield>
  <controlfield tag="008">191220s2020    enk      b    001 0 eng  </controlfield>
  <datafield tag="906" ind1=" " ind2=" ">
    <subfield code="a">0</subfield>
    <subfield code="b">ibc</subfield>
    <subfield code="c">orignew</subfield>
    <subfield code="d">1</subfield>
    <subfield code="e">ecip</subfield>
    <subfield code="f">20</subfield>
    <subfield code="g">y-gencatlg</subfield>
  </datafield>
  <datafield tag="925" ind1="0" ind2=" ">
    <subfield code="a">acquire</subfield>
    <subfield code="b">1 shelf copy</subfield>
    <subfield code="x">policy default</subfield>
  </datafield>
  <datafield tag="955" ind1=" " ind2=" ">
    <subfield code="b">LBSOR 2020-01-20</subfield>
  </datafield>
  <datafield tag="010" ind1=" " ind2=" ">
    <subfield code="a">  2019042588</subfield>
  </datafield>
  <datafield tag="020" ind1=" " ind2=" ">
    <subfield code="a">9781107076570</subfield>
    <subfield code="q">(hardback)</subfield>
  </datafield>
  <datafield tag="040" ind1=" " ind2=" ">
    <subfield code="a">LBSOR/DLC</subfield>
    <subfield code="b">eng</subfield>
    <subfield code="e">rda</subfield>
    <subfield code="c">DLC</subfield>
  </datafield>
  <datafield tag="042" ind1=" " ind2=" ">
    <subfield code="a">pcc</subfield>
  </datafield>
  <datafield tag="050" ind1="0" ind2="0">
    <subfield code="a">QH212.X2</subfield>
  </datafield>
  <datafield tag="100" ind1="1" ind2=" ">
    <subfield code="a">Jacobsen, Chris J.,</subfield>
    <subfield code="e">author.</subfield>
  </datafield>
  <datafield tag="245" ind1="1" ind2="0">
    <subfield code="a">X-ray microscopy /</subfield>
    <subfield code="c">Chris Jacobsen.</subfield>
  </datafield>
  <datafield tag="263" ind1=" " ind2=" ">
    <subfield code="a">1912</subfield>
  </datafield>
  <datafield tag="264" ind1=" " ind2="1">
    <subfield code="a">Cambridge ;</subfield>
    <subfield code="a">New York, NY :</subfield>
    <subfield code="b">Cambridge University Press,</subfield>
    <subfield code="c">2020.</subfield>
  </datafield>
  <datafield tag="300" ind1=" " ind2=" ">
    <subfield code="a">pages cm.</subfield>
  </datafield>
  <datafield tag="336" ind1=" " ind2=" ">
    <subfield code="a">text</subfield>
    <subfield code="b">txt</subfield>
    <subfield code="2">rdacontent</subfield>
  </datafield>
  <datafield tag="337" ind1=" " ind2=" ">
    <subfield code="a">unmediated</subfield>
    <subfield code="b">n</subfield>
    <subfield code="2">rdamedia</subfield>
  </datafield>
  <datafield tag="338" ind1=" " ind2=" ">
    <subfield code="a">volume</subfield>
    <subfield code="b">nc</subfield>
    <subfield code="2">rdacarrier</subfield>
  </datafield>
  <datafield tag="490" ind1="0" ind2=" ">
    <subfield code="a">Advances in microscopy and microanalysis</subfield>
  </datafield>
  <datafield tag="504" ind1=" " ind2=" ">
    <subfield code="a">Includes bibliographical references and index.</subfield>
  </datafield>
  <datafield tag="505" ind1="0" ind2=" ">
    <subfield code="a">X-ray microscopes : a short introduction -- A bit of history -- X-ray physics -- Imaging physics -- X-ray focusing optics -- X-ray microscope systems -- X-ray microscope instrumentation -- X-ray tomography -- X-ray spectromicroscopy -- Coherent imaging -- Radiation damage and cryo microscopy -- Applications, and future prospects.</subfield>
  </datafield>
  <datafield tag="520" ind1=" " ind2=" ">
    <subfield code="a">&quot;Written by a pioneer in the field, this text provides a complete introduction to x-ray microscopy, providing all of the technical background required to use, understand and even develop x-ray microscopes. Starting from the basics of x-ray physics and focusing optics, it goes on to cover imaging theory, tomography, chemical and elemental analysis, lensless imaging, computational methods, instrumentation, radiation damage, and cryomicroscopy, and includes a survey of recent scientific applications. Designed as a &apos;one-stop&apos; text, it provides a unified notation, and shows how computational methods in different areas are linked with one another. Including numerous derivations, and illustrated with dozens of examples throughout, this is an essential text for academics and practitioners across engineering, the physical sciences and the life sciences who use x-ray microscopy to analyze their specimens, as well as those taking courses in x-ray microscopy&quot;--</subfield>
    <subfield code="c">Provided by publisher.</subfield>
  </datafield>
  <datafield tag="650" ind1=" " ind2="0">
    <subfield code="a">X-ray microscopy.</subfield>
  </datafield>
  <datafield tag="985" ind1=" " ind2=" ">
    <subfield code="a">LBSORCIP</subfield>
    <subfield code="d">2020-01-20</subfield>
  </datafield>
</record>